{"Regina Hall": {"id": 35705, "results": [{"belongs_to_collection": true, "budget": 30000000, "genres": ["Action", "Crime", "Comedy"], "id": 486131, "release_date": "2019-06-14", "revenue": 0, "runtime": 111, "title": "Shaft"}, {"belongs_to_collection": false, "budget": 23000000, "genres": ["Crime", "Drama"], "id": 470044, "release_date": "2018-10-19", "revenue": 29163535, "runtime": 133, "title": "The Hate U Give"}, {"belongs_to_collection": true, "budget": 19000000, "genres": ["Comedy"], "id": 4247, "release_date": "2000-07-07", "revenue": 278019771, "runtime": 88, "title": "Scary Movie"}, {"belongs_to_collection": false, "budget": 20000000, "genres": ["Comedy", "Fantasy", "Romance"], "id": 526050, "release_date": "2019-04-04", "revenue": 17399000, "runtime": 108, "title": "Little"}, {"belongs_to_collection": true, "budget": 48000000, "genres": ["Comedy"], "id": 4256, "release_date": "2003-10-24", "revenue": 220673217, "runtime": 84, "title": "Scary Movie 3"}, {"belongs_to_collection": false, "budget": 53000000, "genres": ["Drama", "Crime", "Thriller"], "id": 22803, "release_date": "2009-10-15", "revenue": 126690726, "runtime": 109, "title": "Law Abiding Citizen"}, {"belongs_to_collection": true, "budget": 31000000, "genres": ["Comedy"], "id": 296099, "release_date": "2015-07-28", "revenue": 104384188, "runtime": 99, "title": "Vacation"}, {"belongs_to_collection": true, "budget": 45000000, "genres": ["Comedy"], "id": 4248, "release_date": "2001-07-04", "revenue": 141220678, "runtime": 83, "title": "Scary Movie 2"}, {"belongs_to_collection": true, "budget": 45000000, "genres": ["Comedy"], "id": 4257, "release_date": "2006-04-12", "revenue": 178262620, "runtime": 83, "title": "Scary Movie 4"}, {"belongs_to_collection": false, "budget": 35000000, "genres": ["Action", "Comedy", "Science Fiction"], "id": 11918, "release_date": "2008-03-27", "revenue": 25871834, "runtime": 85, "title": "Superhero Movie"}, {"belongs_to_collection": false, "budget": 19000000, "genres": ["Comedy"], "id": 417870, "release_date": "2017-07-21", "revenue": 140376621, "runtime": 122, "title": "Girls Trip"}, {"belongs_to_collection": true, "budget": 24000000, "genres": ["Comedy", "Romance"], "id": 184098, "release_date": "2014-06-20", "revenue": 70181428, "runtime": 105, "title": "Think Like a Man Too"}, {"belongs_to_collection": true, "budget": 20000000, "genres": ["Comedy"], "id": 326423, "release_date": "2016-04-15", "revenue": 55030051, "runtime": 112, "title": "Barbershop: The Next Cut"}, {"belongs_to_collection": false, "budget": 0, "genres": ["Drama", "Comedy"], "id": 456086, "release_date": "2018-08-24", "revenue": 129124, "runtime": 91, "title": "Support the Girls"}, {"belongs_to_collection": false, "budget": 10000000, "genres": ["Mystery", "Drama", "Horror"], "id": 335791, "release_date": "2016-09-09", "revenue": 30658387, "runtime": 97, "title": "When the Bough Breaks"}, {"belongs_to_collection": false, "budget": 21000000, "genres": ["Comedy"], "id": 34803, "release_date": "2010-04-15", "revenue": 49050886, "runtime": 92, "title": "Death at a Funeral"}, {"belongs_to_collection": true, "budget": 12000000, "genres": ["Comedy", "Romance"], "id": 67660, "release_date": "2012-04-16", "revenue": 96070507, "runtime": 122, "title": "Think Like a Man"}, {"belongs_to_collection": false, "budget": 12500000, "genres": ["Comedy", "Romance"], "id": 222899, "release_date": "2014-02-14", "revenue": 49002684, "runtime": 100, "title": "About Last Night"}, {"belongs_to_collection": false, "budget": 20000000, "genres": ["Action", "Comedy", "Drama", "Romance"], "id": 14736, "release_date": "2000-04-21", "revenue": 27728118, "runtime": 124, "title": "Love & Basketball"}, {"belongs_to_collection": true, "budget": 17000000, "genres": ["Comedy"], "id": 146304, "release_date": "2013-11-15", "revenue": 71625195, "runtime": 123, "title": "The Best Man Holiday"}]}, "Robin Givens": {"id": 59153, "results": [{"belongs_to_collection": false, "budget": 40000000, "genres": ["Comedy", "Romance"], "id": 11066, "release_date": "1992-06-30", "revenue": 70100000, "runtime": 117, "title": "Boomerang"}, {"belongs_to_collection": true, "budget": 5000000, "genres": ["Drama"], "id": 347126, "release_date": "2016-04-01", "revenue": 23507567, "runtime": 121, "title": "God's Not Dead 2"}, {"belongs_to_collection": false, "budget": 35200000, "genres": ["Comedy"], "id": 9776, "release_date": "2003-03-28", "revenue": 37788228, "runtime": 95, "title": "Head of State"}, {"belongs_to_collection": false, "budget": 0, "genres": ["Action", "Adventure", "Comedy"], "id": 20678, "release_date": "1994-08-19", "revenue": 0, "runtime": 96, "title": "Blankman"}, {"belongs_to_collection": false, "budget": 0, "genres": ["Drama", "Romance"], "id": 15450, "release_date": "2008-09-12", "revenue": 0, "runtime": 111, "title": "The Family That Preys"}, {"belongs_to_collection": false, "budget": 0, "genres": ["Drama", "Family", "Romance"], "id": 434767, "release_date": "2018-09-07", "revenue": 0, "runtime": 111, "title": "God Bless the Broken Road"}, {"belongs_to_collection": false, "budget": 0, "genres": ["Action"], "id": 258210, "release_date": "2014-03-28", "revenue": 0, "runtime": 91, "title": "Airplane vs Volcano"}, {"belongs_to_collection": false, "budget": 0, "genres": ["Action", "Horror", "Science Fiction", "Thriller"], "id": 28572, "release_date": "2002-12-04", "revenue": 0, "runtime": 90, "title": "Antibody"}, {"belongs_to_collection": false, "budget": 8000000, "genres": ["Crime", "Comedy"], "id": 41780, "release_date": "1991-05-03", "revenue": 10400000, "runtime": 115, "title": "A Rage in Harlem"}, {"belongs_to_collection": false, "budget": 100000, "genres": ["Action", "Thriller"], "id": 41728, "release_date": "2010-05-12", "revenue": 0, "runtime": 89, "title": "Enemies Among Us"}, {"belongs_to_collection": false, "budget": 0, "genres": ["Comedy", "Romance", "TV Movie"], "id": 344123, "release_date": "2015-06-21", "revenue": 0, "runtime": 83, "title": "Perfect Match"}, {"belongs_to_collection": false, "budget": 0, "genres": ["Action", "Crime"], "id": 88087, "release_date": "2001-08-01", "revenue": 0, "runtime": 90, "title": "The Elite"}, {"belongs_to_collection": false, "budget": 0, "genres": [], "id": 514995, "release_date": "2019-11-08", "revenue": 0, "runtime": null, "title": "Gully"}, {"belongs_to_collection": false, "budget": 1200000, "genres": [], "id": 128578, "release_date": "1989-03-19", "revenue": 100000, "runtime": 200, "title": "The Women of Brewster Place"}, {"belongs_to_collection": false, "budget": 4000000, "genres": ["Drama", "Family"], "id": 547454, "release_date": "2018-11-01", "revenue": 0, "runtime": 89, "title": "Never Heard"}, {"belongs_to_collection": false, "budget": 0, "genres": ["Family"], "id": 74178, "release_date": "2009-01-01", "revenue": 0, "runtime": 90, "title": "Little Hercules"}, {"belongs_to_collection": false, "budget": 0, "genres": ["Drama", "TV Movie"], "id": 75777, "release_date": "2003-10-19", "revenue": 0, "runtime": 90, "title": "Hollywood Wives The New Generation"}, {"belongs_to_collection": false, "budget": 0, "genres": ["Action", "Comedy", "Thriller"], "id": 62289, "release_date": "2003-01-01", "revenue": 0, "runtime": 100, "title": "A Good Night to Die"}, {"belongs_to_collection": false, "budget": 1300000, "genres": ["Drama"], "id": 471288, "release_date": "2018-04-01", "revenue": 0, "runtime": 81, "title": "Dreams I Never Had"}, {"belongs_to_collection": false, "budget": 0, "genres": ["Drama"], "id": 60457, "release_date": "1999-04-18", "revenue": 0, "runtime": null, "title": "Michael Jordan: An American Hero"}]}, "Ruby Dee": {"id": 15532, "results": [{"belongs_to_collection": false, "budget": 100000000, "genres": ["Drama", "Crime"], "id": 4982, "release_date": "2007-11-02", "revenue": 266465037, "runtime": 157, "title": "American Gangster"}, {"belongs_to_collection": false, "budget": 0, "genres": ["Action", "Drama", "Mystery", "Thriller"], "id": 9061, "release_date": "1995-02-17", "revenue": 0, "runtime": 102, "title": "Just Cause"}, {"belongs_to_collection": false, "budget": 18000000, "genres": ["Fantasy", "Horror", "Thriller"], "id": 6217, "release_date": "1982-04-02", "revenue": 0, "runtime": 118, "title": "Cat People"}, {"belongs_to_collection": false, "budget": 6500000, "genres": ["Drama"], "id": 925, "release_date": "1989-06-14", "revenue": 37295445, "runtime": 120, "title": "Do the Right Thing"}, {"belongs_to_collection": false, "budget": 40000000, "genres": ["Drama", "Comedy"], "id": 72358, "release_date": "2012-03-07", "revenue": 22044277, "runtime": 91, "title": "A Thousand Words"}, {"belongs_to_collection": false, "budget": 14000000, "genres": ["Drama", "Romance"], "id": 1713, "release_date": "1991-06-07", "revenue": 32482682, "runtime": 132, "title": "Jungle Fever"}, {"belongs_to_collection": false, "budget": 14, "genres": ["Action", "Comedy", "Family"], "id": 12574, "release_date": "1993-04-02", "revenue": 40, "runtime": 97, "title": "Cop and \u00bd"}, {"belongs_to_collection": false, "budget": 28000000, "genres": ["Adventure", "Comedy", "Family", "Fantasy"], "id": 17834, "release_date": "1997-07-11", "revenue": 8345056, "runtime": 86, "title": "A Simple Wish"}, {"belongs_to_collection": false, "budget": 0, "genres": ["Crime", "Drama", "Thriller"], "id": 28433, "release_date": "1950-08-16", "revenue": 0, "runtime": 106, "title": "No Way Out"}, {"belongs_to_collection": false, "budget": 1500000, "genres": ["Drama", "Romance"], "id": 29478, "release_date": "1961-05-28", "revenue": 0, "runtime": 128, "title": "A Raisin in the Sun"}, {"belongs_to_collection": false, "budget": 0, "genres": ["Comedy", "Mystery", "Romance", "Thriller"], "id": 32035, "release_date": "1990-03-09", "revenue": 0, "runtime": 97, "title": "Love at Large"}, {"belongs_to_collection": false, "budget": 0, "genres": ["Drama"], "id": 35129, "release_date": "1957-08-02", "revenue": 0, "runtime": 85, "title": "Edge of the City"}, {"belongs_to_collection": false, "budget": 0, "genres": ["Drama", "Romance"], "id": 17364, "release_date": "2005-03-06", "revenue": 0, "runtime": 113, "title": "Their Eyes Were Watching God"}, {"belongs_to_collection": false, "budget": 0, "genres": ["Action", "Comedy", "Western"], "id": 26928, "release_date": "1972-03-17", "revenue": 0, "runtime": 102, "title": "Buck and the Preacher"}, {"belongs_to_collection": false, "budget": 0, "genres": ["Thriller", "Drama"], "id": 66043, "release_date": "1967-11-05", "revenue": 0, "runtime": 107, "title": "The Incident"}, {"belongs_to_collection": false, "budget": 5000000, "genres": ["Comedy", "Drama"], "id": 12828, "release_date": "2006-02-16", "revenue": 0, "runtime": 94, "title": "No. 2"}, {"belongs_to_collection": false, "budget": 0, "genres": ["Drama"], "id": 22264, "release_date": "2009-01-01", "revenue": 0, "runtime": null, "title": "America"}, {"belongs_to_collection": false, "budget": 0, "genres": ["TV Movie", "Drama"], "id": 102275, "release_date": "1990-12-02", "revenue": 0, "runtime": 100, "title": "Decoration Day"}, {"belongs_to_collection": false, "budget": 0, "genres": ["Drama"], "id": 288186, "release_date": "1999-02-21", "revenue": 0, "runtime": 100, "title": "Passing Glory"}, {"belongs_to_collection": false, "budget": 0, "genres": ["Mystery", "Thriller"], "id": 27263, "release_date": "1951-08-17", "revenue": 0, "runtime": 78, "title": "The Tall Target"}]}, "Viola Davis": {"id": 19492, "results": [{"belongs_to_collection": false, "budget": 46000000, "genres": ["Drama", "Thriller", "Crime"], "id": 146233, "release_date": "2013-09-18", "revenue": 122126687, "runtime": 153, "title": "Prisoners"}, {"belongs_to_collection": false, "budget": 70000000, "genres": ["Crime", "Thriller", "Action"], "id": 201088, "release_date": "2015-01-13", "revenue": 17752940, "runtime": 133, "title": "Blackhat"}, {"belongs_to_collection": false, "budget": 42000000, "genres": ["Crime", "Thriller"], "id": 401469, "release_date": "2018-11-06", "revenue": 73866088, "runtime": 129, "title": "Widows"}, {"belongs_to_collection": false, "budget": 48000000, "genres": ["Thriller", "Drama", "Crime"], "id": 1900, "release_date": "2000-12-27", "revenue": 207515725, "runtime": 147, "title": "Traffic"}, {"belongs_to_collection": false, "budget": 110000000, "genres": ["Science Fiction", "Action", "Adventure"], "id": 80274, "release_date": "2013-10-23", "revenue": 125537191, "runtime": 114, "title": "Ender's Game"}, {"belongs_to_collection": true, "budget": 176000000, "genres": ["Action", "Adventure", "Crime", "Fantasy", "Science Fiction"], "id": 297761, "release_date": "2016-08-03", "revenue": 745600054, "runtime": 123, "title": "Suicide Squad"}, {"belongs_to_collection": false, "budget": 117000000, "genres": ["Action", "Comedy"], "id": 37834, "release_date": "2010-06-15", "revenue": 261930431, "runtime": 109, "title": "Knight and Day"}, {"belongs_to_collection": false, "budget": 53000000, "genres": ["Drama", "Crime", "Thriller"], "id": 22803, "release_date": "2009-10-15", "revenue": 126690726, "runtime": 109, "title": "Law Abiding Citizen"}, {"belongs_to_collection": false, "budget": 50000000, "genres": ["Drama", "Thriller"], "id": 231, "release_date": "2005-11-23", "revenue": 93974620, "runtime": 128, "title": "Syriana"}, {"belongs_to_collection": false, "budget": 25000000, "genres": ["Drama"], "id": 50014, "release_date": "2011-08-09", "revenue": 124272124, "runtime": 146, "title": "The Help"}, {"belongs_to_collection": false, "budget": 20000000, "genres": ["Drama", "Mystery"], "id": 14359, "release_date": "2008-11-27", "revenue": 50907234, "runtime": 104, "title": "Doubt"}, {"belongs_to_collection": false, "budget": 48000000, "genres": ["Romance", "Comedy", "Crime"], "id": 1389, "release_date": "1998-06-26", "revenue": 77745568, "runtime": 123, "title": "Out of Sight"}, {"belongs_to_collection": false, "budget": 60000000, "genres": ["Thriller", "Drama"], "id": 16995, "release_date": "2009-04-17", "revenue": 87784194, "runtime": 127, "title": "State of Play"}, {"belongs_to_collection": false, "budget": 65000000, "genres": ["Drama", "History", "Thriller"], "id": 1852, "release_date": "2006-08-09", "revenue": 162945894, "runtime": 128, "title": "World Trade Center"}, {"belongs_to_collection": false, "budget": 24000000, "genres": ["Drama"], "id": 393457, "release_date": "2016-12-16", "revenue": 64414761, "runtime": 139, "title": "Fences"}, {"belongs_to_collection": false, "budget": 8000000, "genres": ["Comedy", "Drama"], "id": 43923, "release_date": "2010-07-06", "revenue": 6491240, "runtime": 101, "title": "It's Kind of a Funny Story"}, {"belongs_to_collection": false, "budget": 0, "genres": ["Drama", "Romance"], "id": 14326, "release_date": "2008-09-26", "revenue": 84375061, "runtime": 97, "title": "Nights in Rodanthe"}, {"belongs_to_collection": false, "budget": 60000000, "genres": ["Fantasy", "Drama", "Romance"], "id": 109491, "release_date": "2013-02-13", "revenue": 60052138, "runtime": 124, "title": "Beautiful Creatures"}, {"belongs_to_collection": false, "budget": 0, "genres": ["Drama", "Music"], "id": 239566, "release_date": "2014-08-01", "revenue": 31911598, "runtime": 139, "title": "Get on Up"}, {"belongs_to_collection": false, "budget": 9500000, "genres": ["Crime", "Drama", "Thriller"], "id": 44945, "release_date": "2010-09-10", "revenue": 120000, "runtime": 104, "title": "Trust"}]}, "Cicely Tyson": {"id": 18249, "results": [{"belongs_to_collection": false, "budget": 25000000, "genres": ["Drama"], "id": 50014, "release_date": "2011-08-09", "revenue": 124272124, "runtime": 146, "title": "The Help"}, {"belongs_to_collection": false, "budget": 11000000, "genres": ["Drama", "Comedy"], "id": 1633, "release_date": "1991-12-27", "revenue": 119418501, "runtime": 130, "title": "Fried Green Tomatoes"}, {"belongs_to_collection": true, "budget": 45000000, "genres": ["Action", "Thriller", "Crime", "Mystery"], "id": 94348, "release_date": "2012-10-18", "revenue": 30353232, "runtime": 101, "title": "Alex Cross"}, {"belongs_to_collection": true, "budget": 9000000, "genres": ["Horror", "Drama", "Thriller"], "id": 150202, "release_date": "2013-02-01", "revenue": 0, "runtime": 101, "title": "The Haunting in Connecticut 2: Ghosts of Georgia"}, {"belongs_to_collection": false, "budget": 0, "genres": ["Drama", "Comedy"], "id": 419709, "release_date": "2017-11-03", "revenue": 0, "runtime": 125, "title": "Last Flag Flying"}, {"belongs_to_collection": true, "budget": 6000000, "genres": ["Drama", "Comedy", "Romance"], "id": 16781, "release_date": "2006-02-24", "revenue": 57231524, "runtime": 110, "title": "Madea's Family Reunion"}, {"belongs_to_collection": true, "budget": 0, "genres": ["Comedy", "Drama", "Romance"], "id": 16186, "release_date": "2005-02-25", "revenue": 0, "runtime": 116, "title": "Diary of a Mad Black Woman"}, {"belongs_to_collection": true, "budget": 14000000, "genres": ["Action", "Drama", "Thriller"], "id": 29723, "release_date": "1979-08-17", "revenue": 13015688, "runtime": 123, "title": "The Concorde... Airport '79"}, {"belongs_to_collection": true, "budget": 20000000, "genres": ["Comedy", "Romance"], "id": 35688, "release_date": "2010-04-02", "revenue": 60072596, "runtime": 121, "title": "Why Did I Get Married Too?"}, {"belongs_to_collection": false, "budget": 0, "genres": ["Drama"], "id": 126781, "release_date": "1959-10-22", "revenue": 0, "runtime": 100, "title": "The Last Angry Man"}, {"belongs_to_collection": false, "budget": 14000000, "genres": ["Comedy", "Drama", "Family"], "id": 17880, "release_date": "2005-02-18", "revenue": 32645546, "runtime": 106, "title": "Because of Winn-Dixie"}, {"belongs_to_collection": false, "budget": 0, "genres": ["Documentary", "TV Movie"], "id": 253639, "release_date": "2014-02-02", "revenue": 0, "runtime": 100, "title": "And the Oscar Goes To..."}, {"belongs_to_collection": false, "budget": 30000000, "genres": ["Crime", "Drama"], "id": 22073, "release_date": "1997-08-27", "revenue": 0, "runtime": 130, "title": "Hoodlum"}, {"belongs_to_collection": false, "budget": 0, "genres": ["Crime", "Drama"], "id": 26983, "release_date": "1959-10-15", "revenue": 0, "runtime": 96, "title": "Odds Against Tomorrow"}, {"belongs_to_collection": false, "budget": 0, "genres": ["Drama"], "id": 86059, "release_date": "1967-10-31", "revenue": 5200000, "runtime": 152, "title": "The Comedians"}, {"belongs_to_collection": false, "budget": 0, "genres": ["Drama"], "id": 22176, "release_date": "1968-07-31", "revenue": 0, "runtime": 123, "title": "The Heart Is a Lonely Hunter"}, {"belongs_to_collection": false, "budget": 0, "genres": ["Crime", "Drama", "Music"], "id": 13816, "release_date": "2006-08-25", "revenue": 0, "runtime": 121, "title": "Idlewild"}, {"belongs_to_collection": false, "budget": 0, "genres": ["TV Movie", "Drama"], "id": 50299, "release_date": "1999-05-22", "revenue": 0, "runtime": 101, "title": "A Lesson Before Dying"}, {"belongs_to_collection": false, "budget": 0, "genres": ["Adventure", "Comedy"], "id": 31361, "release_date": "1981-05-22", "revenue": 0, "runtime": 94, "title": "Bustin' Loose"}, {"belongs_to_collection": false, "budget": 0, "genres": ["Drama"], "id": 42489, "release_date": "1972-09-24", "revenue": 0, "runtime": 105, "title": "Sounder"}]}, "Brandy Norwood": {"id": 33285, "results": [{"belongs_to_collection": true, "budget": 65000000, "genres": ["Horror", "Mystery", "Thriller"], "id": 3600, "release_date": "1998-11-13", "revenue": 40002112, "runtime": 100, "title": "I Still Know What You Did Last Summer"}, {"belongs_to_collection": false, "budget": 75000000, "genres": ["Adventure", "Animation", "Action", "Comedy", "Family"], "id": 12610, "release_date": "2001-08-07", "revenue": 13596911, "runtime": 95, "title": "Osmosis Jones"}, {"belongs_to_collection": false, "budget": 0, "genres": ["TV Movie", "Family", "Fantasy", "Music", "Romance"], "id": 42884, "release_date": "1997-11-02", "revenue": 0, "runtime": 88, "title": "Cinderella"}, {"belongs_to_collection": false, "budget": 31000000, "genres": ["Comedy", "Horror"], "id": 6488, "release_date": "1990-07-20", "revenue": 53208180, "runtime": 103, "title": "Arachnophobia"}, {"belongs_to_collection": false, "budget": 0, "genres": ["Comedy", "Romance"], "id": 378200, "release_date": "2016-03-11", "revenue": 0, "runtime": 96, "title": "The Perfect Match"}, {"belongs_to_collection": false, "budget": 0, "genres": ["Drama"], "id": 97006, "release_date": "2013-03-29", "revenue": 0, "runtime": 111, "title": "Temptation: Confessions of a Marriage Counselor"}, {"belongs_to_collection": false, "budget": 0, "genres": ["Drama", "Music"], "id": 121105, "release_date": "1999-05-16", "revenue": 0, "runtime": 94, "title": "Double Platinum"}, {"belongs_to_collection": false, "budget": 0, "genres": ["Music"], "id": 59057, "release_date": "1999-04-03", "revenue": 0, "runtime": 73, "title": "VH1: Divas Live '99"}, {"belongs_to_collection": false, "budget": 0, "genres": ["Drama", "Music"], "id": 515264, "release_date": "2018-03-15", "revenue": 0, "runtime": 91, "title": "Hall American: Forbidden"}]}, "Grace Jones": {"id": 10661, "results": [{"belongs_to_collection": true, "budget": 30000000, "genres": ["Adventure", "Action", "Thriller"], "id": 707, "release_date": "1985-05-24", "revenue": 152427960, "runtime": 131, "title": "A View to a Kill"}, {"belongs_to_collection": true, "budget": 18000000, "genres": ["Adventure", "Fantasy", "Action"], "id": 9610, "release_date": "1984-06-29", "revenue": 100000000, "runtime": 103, "title": "Conan the Destroyer"}, {"belongs_to_collection": false, "budget": 40000000, "genres": ["Comedy", "Romance"], "id": 11066, "release_date": "1992-06-30", "revenue": 70100000, "runtime": 117, "title": "Boomerang"}, {"belongs_to_collection": false, "budget": 1900000, "genres": ["Comedy", "Horror"], "id": 34223, "release_date": "1986-07-18", "revenue": 4790926, "runtime": 93, "title": "Vamp"}, {"belongs_to_collection": false, "budget": 0, "genres": ["Action", "Western", "Comedy", "Crime"], "id": 9698, "release_date": "1987-06-26", "revenue": 0, "runtime": 86, "title": "Straight to Hell"}, {"belongs_to_collection": false, "budget": 0, "genres": ["Documentary"], "id": 508003, "release_date": "2018-06-08", "revenue": 1243177, "runtime": 111, "title": "McQueen"}, {"belongs_to_collection": false, "budget": 0, "genres": ["Drama", "Mystery", "Thriller"], "id": 42014, "release_date": "1987-11-11", "revenue": 0, "runtime": 97, "title": "Siesta"}, {"belongs_to_collection": false, "budget": 0, "genres": ["Drama", "Fantasy", "Horror"], "id": 43749, "release_date": "2001-09-21", "revenue": 0, "runtime": 97, "title": "Wolf Girl"}, {"belongs_to_collection": false, "budget": 0, "genres": ["Action", "Drama", "Thriller"], "id": 89652, "release_date": "1976-07-24", "revenue": 0, "runtime": 110, "title": "Colt 38 Special Squad"}, {"belongs_to_collection": false, "budget": 0, "genres": ["Action", "Adventure", "Comedy"], "id": 83361, "release_date": "1998-02-23", "revenue": 0, "runtime": 95, "title": "McCinsey's Island"}, {"belongs_to_collection": false, "budget": 0, "genres": ["Drama", "Music"], "id": 42862, "release_date": "2008-02-07", "revenue": 0, "runtime": 114, "title": "Falco: Damn It, We're Still Alive!"}, {"belongs_to_collection": false, "budget": 0, "genres": ["Adventure", "Action", "Crime"], "id": 43077, "release_date": "1973-08-09", "revenue": 0, "runtime": 90, "title": "Gordon's War"}, {"belongs_to_collection": false, "budget": 0, "genres": ["Drama"], "id": 51175, "release_date": "2005-05-03", "revenue": 0, "runtime": 179, "title": "Shaka Zulu: The Last Great Warrior"}, {"belongs_to_collection": false, "budget": 0, "genres": ["Western"], "id": 114219, "release_date": "2010-01-01", "revenue": 0, "runtime": 91, "title": "Straight to Hell Returns"}, {"belongs_to_collection": false, "budget": 0, "genres": ["Comedy"], "id": 331450, "release_date": "1999-02-09", "revenue": 0, "runtime": 108, "title": "Palmer's Pick Up"}, {"belongs_to_collection": false, "budget": 0, "genres": ["Action", "Science Fiction", "Thriller"], "id": 30662, "release_date": "1995-02-01", "revenue": 0, "runtime": 86, "title": "Cyber Bandits"}, {"belongs_to_collection": false, "budget": 0, "genres": ["Music"], "id": 348901, "release_date": "2016-05-06", "revenue": 0, "runtime": null, "title": "Gutterd\u00e4mmerung"}, {"belongs_to_collection": false, "budget": 0, "genres": ["Family", "Comedy", "TV Movie"], "id": 49041, "release_date": "1988-12-25", "revenue": 0, "runtime": 49, "title": "Pee-Wee's Playhouse Christmas Special"}, {"belongs_to_collection": false, "budget": 0, "genres": ["Comedy"], "id": 79633, "release_date": "1976-02-17", "revenue": 0, "runtime": 85, "title": "Attention les yeux !"}, {"belongs_to_collection": false, "budget": 0, "genres": ["Music", "Documentary"], "id": 470831, "release_date": "2017-10-25", "revenue": 0, "runtime": 115, "title": "Grace Jones: Bloodlight and Bami"}]}, "Diahann Carroll": {"id": 20158, "results": [{"belongs_to_collection": false, "budget": 0, "genres": ["Adventure", "Fantasy", "Romance", "Drama"], "id": 385448, "release_date": "2018-08-02", "revenue": 0, "runtime": 98, "title": "The Little Mermaid"}, {"belongs_to_collection": false, "budget": 0, "genres": ["Adventure", "Comedy", "Family", "Science Fiction", "TV Movie"], "id": 74849, "release_date": "1978-12-01", "revenue": 0, "runtime": 97, "title": "The Star Wars Holiday Special"}, {"belongs_to_collection": false, "budget": 0, "genres": ["Documentary", "TV Movie"], "id": 253639, "release_date": "2014-02-02", "revenue": 0, "runtime": 100, "title": "And the Oscar Goes To..."}, {"belongs_to_collection": false, "budget": 750000, "genres": ["Drama", "Music", "Romance"], "id": 51044, "release_date": "1954-10-27", "revenue": 0, "runtime": 105, "title": "Carmen Jones"}, {"belongs_to_collection": false, "budget": 15, "genres": ["Comedy"], "id": 72359, "release_date": "2013-05-09", "revenue": 0, "runtime": 95, "title": "Peeples"}, {"belongs_to_collection": false, "budget": 0, "genres": ["Drama", "Music"], "id": 29475, "release_date": "1991-03-29", "revenue": 0, "runtime": 121, "title": "The Five Heartbeats"}, {"belongs_to_collection": false, "budget": 0, "genres": ["Drama"], "id": 45153, "release_date": "1997-09-07", "revenue": 0, "runtime": 109, "title": "Eve's Bayou"}, {"belongs_to_collection": false, "budget": 0, "genres": ["Romance", "Drama", "Music"], "id": 33710, "release_date": "1961-09-27", "revenue": 0, "runtime": 98, "title": "Paris Blues"}, {"belongs_to_collection": true, "budget": 5000000, "genres": ["TV Movie", "Crime", "Drama", "Mystery"], "id": 39433, "release_date": "2010-04-17", "revenue": 0, "runtime": 90, "title": "The Front"}, {"belongs_to_collection": true, "budget": 5000000, "genres": ["TV Movie", "Crime", "Drama", "Mystery"], "id": 39446, "release_date": "2010-04-10", "revenue": 0, "runtime": 90, "title": "At Risk"}, {"belongs_to_collection": false, "budget": 0, "genres": ["Drama", "Romance", "Comedy"], "id": 55909, "release_date": "1974-04-22", "revenue": 0, "runtime": 92, "title": "Claudine"}, {"belongs_to_collection": false, "budget": 7000000, "genres": ["Music", "Drama", "Romance"], "id": 1940, "release_date": "1959-06-24", "revenue": 0, "runtime": 138, "title": "Porgy and Bess"}, {"belongs_to_collection": false, "budget": 0, "genres": ["Action", "Crime"], "id": 31937, "release_date": "1968-11-04", "revenue": 0, "runtime": 91, "title": "The Split"}, {"belongs_to_collection": false, "budget": 0, "genres": ["Drama", "Romance"], "id": 84119, "release_date": "1961-05-23", "revenue": 0, "runtime": 120, "title": "Goodbye Again"}, {"belongs_to_collection": false, "budget": 0, "genres": ["Drama", "Romance"], "id": 174335, "release_date": "2000-02-13", "revenue": 0, "runtime": 251, "title": "Sally Hemings: An American Scandal"}, {"belongs_to_collection": false, "budget": 0, "genres": ["Drama"], "id": 118911, "release_date": "1967-02-09", "revenue": 0, "runtime": 146, "title": "Hurry Sundown"}, {"belongs_to_collection": false, "budget": 0, "genres": [], "id": 319913, "release_date": "2015-01-19", "revenue": 0, "runtime": 84, "title": "Light Girls"}, {"belongs_to_collection": false, "budget": 0, "genres": ["Documentary"], "id": 91367, "release_date": "2012-01-13", "revenue": 29110, "runtime": 103, "title": "Sing Your Song"}, {"belongs_to_collection": false, "budget": 0, "genres": [], "id": 237987, "release_date": "1998-03-12", "revenue": 0, "runtime": 90, "title": "The Sweetest Gift"}, {"belongs_to_collection": false, "budget": 0, "genres": ["History", "Drama"], "id": 252664, "release_date": "1999-04-18", "revenue": 0, "runtime": 100, "title": "Having Our Say: The Delany Sisters' First 100 Years"}]}, "Pam Grier": {"id": 2230, "results": [{"belongs_to_collection": false, "budget": 12000000, "genres": ["Crime", "Thriller", "Drama", "Comedy"], "id": 184, "release_date": "1997-12-24", "revenue": 39673162, "runtime": 154, "title": "Jackie Brown"}, {"belongs_to_collection": false, "budget": 28000000, "genres": ["Action", "Horror", "Science Fiction"], "id": 10016, "release_date": "2001-08-24", "revenue": 14010832, "runtime": 98, "title": "Ghosts of Mars"}, {"belongs_to_collection": true, "budget": 50000000, "genres": ["Action", "Adventure", "Science Fiction", "Thriller"], "id": 10061, "release_date": "1996-08-09", "revenue": 42277365, "runtime": 97, "title": "Escape from L.A."}, {"belongs_to_collection": true, "budget": 15000000, "genres": ["Action"], "id": 97430, "release_date": "2012-11-02", "revenue": 15608545, "runtime": 96, "title": "The Man with the Iron Fists"}, {"belongs_to_collection": true, "budget": 0, "genres": ["Adventure", "Comedy", "Fantasy", "Science Fiction", "Music"], "id": 1649, "release_date": "1991-07-19", "revenue": 0, "runtime": 98, "title": "Bill & Ted's Bogus Journey"}, {"belongs_to_collection": false, "budget": 7500000, "genres": ["Action", "Thriller", "Mystery"], "id": 9395, "release_date": "1988-04-08", "revenue": 18869631, "runtime": 99, "title": "Above the Law"}, {"belongs_to_collection": false, "budget": 70000000, "genres": ["Comedy", "Fantasy", "Science Fiction"], "id": 75, "release_date": "1996-12-12", "revenue": 101371017, "runtime": 106, "title": "Mars Attacks!"}, {"belongs_to_collection": false, "budget": 3000000, "genres": ["Comedy"], "id": 18892, "release_date": "1999-01-30", "revenue": 3076820, "runtime": 87, "title": "Jawbreaker"}, {"belongs_to_collection": false, "budget": 0, "genres": ["Comedy", "Drama", "Romance"], "id": 38093, "release_date": "2010-05-14", "revenue": 21520719, "runtime": 100, "title": "Just Wright"}, {"belongs_to_collection": false, "budget": 0, "genres": ["Comedy", "Drama"], "id": 574241, "release_date": "2019-05-09", "revenue": 8600192, "runtime": 91, "title": "Poms"}, {"belongs_to_collection": false, "budget": 30000000, "genres": ["Comedy", "Romance", "Drama"], "id": 59861, "release_date": "2011-06-30", "revenue": 36160375, "runtime": 98, "title": "Larry Crowne"}, {"belongs_to_collection": false, "budget": 100000000, "genres": ["Action", "Comedy", "Science Fiction"], "id": 11692, "release_date": "2002-08-15", "revenue": 7103973, "runtime": 95, "title": "The Adventures of Pluto Nash"}, {"belongs_to_collection": false, "budget": 500000, "genres": ["Thriller", "Action", "Crime"], "id": 22048, "release_date": "1974-04-05", "revenue": 0, "runtime": 94, "title": "Foxy Brown"}, {"belongs_to_collection": true, "budget": 11000000, "genres": ["Science Fiction", "Action"], "id": 11119, "release_date": "2000-03-02", "revenue": 0, "runtime": 92, "title": "Fortress 2"}, {"belongs_to_collection": false, "budget": 500000, "genres": ["Thriller", "Action", "Crime"], "id": 22021, "release_date": "1973-06-13", "revenue": 0, "runtime": 90, "title": "Coffy"}, {"belongs_to_collection": false, "budget": 0, "genres": ["Crime", "Thriller", "Action"], "id": 31606, "release_date": "1989-08-25", "revenue": 0, "runtime": 108, "title": "The Package"}, {"belongs_to_collection": false, "budget": 0, "genres": ["Comedy", "Drama"], "id": 13787, "release_date": "1999-09-04", "revenue": 0, "runtime": 115, "title": "Holy Smoke"}, {"belongs_to_collection": false, "budget": 0, "genres": ["Comedy", "Family"], "id": 15489, "release_date": "2000-02-11", "revenue": 0, "runtime": 89, "title": "Snow Day"}, {"belongs_to_collection": false, "budget": 7000000, "genres": ["Drama", "Action", "Thriller", "Crime"], "id": 22314, "release_date": "1999-08-25", "revenue": 14011454, "runtime": 95, "title": "In Too Deep"}, {"belongs_to_collection": true, "budget": 5200000, "genres": ["Science Fiction", "Thriller"], "id": 23535, "release_date": "1990-04-01", "revenue": 2459895, "runtime": 99, "title": "Class of 1999"}]}, "Regina King": {"id": 9788, "results": [{"belongs_to_collection": false, "budget": 50000000, "genres": ["Comedy", "Drama", "Romance"], "id": 9390, "release_date": "1996-12-13", "revenue": 273552592, "runtime": 139, "title": "Jerry Maguire"}, {"belongs_to_collection": true, "budget": 45000000, "genres": ["Comedy"], "id": 10327, "release_date": "2003-07-02", "revenue": 124914842, "runtime": 95, "title": "Legally Blonde 2: Red, White & Blonde"}, {"belongs_to_collection": false, "budget": 12000000, "genres": ["Drama", "Romance", "Crime"], "id": 465914, "release_date": "2018-12-14", "revenue": 20572691, "runtime": 120, "title": "If Beale Street Could Talk"}, {"belongs_to_collection": false, "budget": 90000000, "genres": ["Action", "Drama", "Thriller"], "id": 9798, "release_date": "1998-11-20", "revenue": 250649836, "runtime": 132, "title": "Enemy of the State"}, {"belongs_to_collection": false, "budget": 90000000, "genres": ["Action", "Adventure", "Family", "Fantasy"], "id": 9822, "release_date": "1998-12-25", "revenue": 0, "runtime": 114, "title": "Mighty Joe Young"}, {"belongs_to_collection": true, "budget": 0, "genres": ["Action", "Comedy", "Romance", "Mystery"], "id": 10040, "release_date": "2005-03-11", "revenue": 0, "runtime": 115, "title": "Miss Congeniality 2: Armed and Fabulous"}, {"belongs_to_collection": false, "budget": 40000000, "genres": ["Drama", "Music"], "id": 1677, "release_date": "2004-10-29", "revenue": 124731534, "runtime": 152, "title": "Ray"}, {"belongs_to_collection": true, "budget": 19000000, "genres": ["Comedy"], "id": 11247, "release_date": "2004-07-10", "revenue": 70067909, "runtime": 95, "title": "A Cinderella Story"}, {"belongs_to_collection": false, "budget": 50000000, "genres": ["Fantasy", "Adventure", "Animation", "Comedy", "Family"], "id": 9906, "release_date": "2006-07-27", "revenue": 55181129, "runtime": 88, "title": "The Ant Bully"}, {"belongs_to_collection": true, "budget": 60000000, "genres": ["Comedy", "Family"], "id": 10708, "release_date": "2003-05-03", "revenue": 164433867, "runtime": 92, "title": "Daddy Day Care"}, {"belongs_to_collection": true, "budget": 3500000, "genres": ["Comedy"], "id": 10634, "release_date": "1995-04-26", "revenue": 28215918, "runtime": 91, "title": "Friday"}, {"belongs_to_collection": false, "budget": 0, "genres": ["Fantasy", "Comedy", "Science Fiction", "Romance"], "id": 16300, "release_date": "2001-02-16", "revenue": 0, "runtime": 87, "title": "Down to Earth"}, {"belongs_to_collection": false, "budget": 6500000, "genres": ["Crime", "Drama"], "id": 650, "release_date": "1991-07-12", "revenue": 57504069, "runtime": 112, "title": "Boyz n the Hood"}, {"belongs_to_collection": true, "budget": 50000000, "genres": ["Animation", "Comedy", "Adventure", "Family"], "id": 218836, "release_date": "2014-07-17", "revenue": 151165787, "runtime": 83, "title": "Planes: Fire & Rescue"}, {"belongs_to_collection": false, "budget": 14000000, "genres": ["Drama", "Romance"], "id": 8291, "release_date": "1993-07-23", "revenue": 27515786, "runtime": 109, "title": "Poetic Justice"}, {"belongs_to_collection": false, "budget": 0, "genres": ["Romance", "Drama", "Crime"], "id": 16295, "release_date": "1995-01-11", "revenue": 38290723, "runtime": 127, "title": "Higher Learning"}, {"belongs_to_collection": true, "budget": 0, "genres": ["Romance", "Drama"], "id": 28031, "release_date": "2000-03-05", "revenue": 0, "runtime": 96, "title": "If These Walls Could Talk 2"}, {"belongs_to_collection": false, "budget": 13000000, "genres": ["Comedy", "Drama", "Romance"], "id": 15250, "release_date": "2007-11-27", "revenue": 0, "runtime": 117, "title": "This Christmas"}, {"belongs_to_collection": false, "budget": 14000000, "genres": ["Comedy"], "id": 34563, "release_date": "2010-03-12", "revenue": 21409028, "runtime": 103, "title": "Our Family Wedding"}, {"belongs_to_collection": false, "budget": 0, "genres": ["Comedy", "Thriller", "Crime", "Romance"], "id": 28121, "release_date": "1996-04-04", "revenue": 0, "runtime": 108, "title": "A Thin Line Between Love and Hate"}]}, "Jada Pinkett Smith": {"id": 9575, "results": [{"belongs_to_collection": true, "budget": 70000000, "genres": ["Action"], "id": 423204, "release_date": "2019-08-21", "revenue": 0, "runtime": 121, "title": "Angel Has Fallen"}, {"belongs_to_collection": true, "budget": 150000000, "genres": ["Adventure", "Action", "Thriller", "Science Fiction"], "id": 604, "release_date": "2003-05-15", "revenue": 738599701, "runtime": 138, "title": "The Matrix Reloaded"}, {"belongs_to_collection": true, "budget": 75000000, "genres": ["Family", "Animation"], "id": 953, "release_date": "2005-05-25", "revenue": 532680671, "runtime": 86, "title": "Madagascar"}, {"belongs_to_collection": false, "budget": 65000000, "genres": ["Drama", "Crime", "Thriller"], "id": 1538, "release_date": "2004-08-04", "revenue": 217764291, "runtime": 120, "title": "Collateral"}, {"belongs_to_collection": true, "budget": 150000000, "genres": ["Family", "Animation", "Comedy"], "id": 10527, "release_date": "2008-10-30", "revenue": 603900354, "runtime": 89, "title": "Madagascar: Escape 2 Africa"}, {"belongs_to_collection": true, "budget": 150000000, "genres": ["Adventure", "Action", "Thriller", "Science Fiction"], "id": 605, "release_date": "2003-11-03", "revenue": 424988211, "runtime": 129, "title": "The Matrix Revolutions"}, {"belongs_to_collection": true, "budget": 145000000, "genres": ["Animation", "Family", "Comedy"], "id": 80321, "release_date": "2012-06-06", "revenue": 746921274, "runtime": 93, "title": "Madagascar 3: Europe's Most Wanted"}, {"belongs_to_collection": false, "budget": 107000000, "genres": ["Drama"], "id": 8489, "release_date": "2001-12-11", "revenue": 87713825, "runtime": 157, "title": "Ali"}, {"belongs_to_collection": true, "budget": 24000000, "genres": ["Horror", "Mystery"], "id": 4233, "release_date": "1997-12-09", "revenue": 172363301, "runtime": 120, "title": "Scream 2"}, {"belongs_to_collection": false, "budget": 20000000, "genres": ["Drama"], "id": 2355, "release_date": "2007-03-23", "revenue": 22222308, "runtime": 124, "title": "Reign Over Me"}, {"belongs_to_collection": false, "budget": 16000000, "genres": ["Family", "Comedy", "Drama", "Romance"], "id": 13972, "release_date": "2008-09-12", "revenue": 50007546, "runtime": 114, "title": "The Women"}, {"belongs_to_collection": true, "budget": 20000000, "genres": ["Comedy"], "id": 376659, "release_date": "2016-07-28", "revenue": 183936074, "runtime": 100, "title": "Bad Moms"}, {"belongs_to_collection": true, "budget": 14800000, "genres": ["Comedy", "Drama"], "id": 264999, "release_date": "2015-07-01", "revenue": 122513057, "runtime": 115, "title": "Magic Mike XXL"}, {"belongs_to_collection": false, "budget": 0, "genres": ["Family", "Animation"], "id": 25472, "release_date": "2009-11-16", "revenue": 0, "runtime": 30, "title": "Merry Madagascar"}, {"belongs_to_collection": false, "budget": 3500000, "genres": ["Drama", "Action", "Crime"], "id": 9516, "release_date": "1993-05-26", "revenue": 27900000, "runtime": 97, "title": "Menace II Society"}, {"belongs_to_collection": false, "budget": 19000000, "genres": ["Comedy"], "id": 417870, "release_date": "2017-07-21", "revenue": 140376621, "runtime": 122, "title": "Girls Trip"}, {"belongs_to_collection": true, "budget": 54000000, "genres": ["Fantasy", "Comedy", "Romance", "Science Fiction"], "id": 9327, "release_date": "1996-06-26", "revenue": 128769345, "runtime": 95, "title": "The Nutty Professor"}, {"belongs_to_collection": true, "budget": 0, "genres": ["Horror", "Comedy", "Thriller"], "id": 9059, "release_date": "1995-01-13", "revenue": 0, "runtime": 92, "title": "Tales from the Crypt: Demon Knight"}, {"belongs_to_collection": false, "budget": 9000000, "genres": ["Crime", "Drama", "Thriller"], "id": 9400, "release_date": "1996-11-06", "revenue": 41590886, "runtime": 123, "title": "Set It Off"}, {"belongs_to_collection": false, "budget": 0, "genres": ["Animation", "Comedy", "Family"], "id": 161143, "release_date": "2013-01-29", "revenue": 0, "runtime": 22, "title": "Madly Madagascar"}]}, "Diana Ross": {"id": 32715, "results": [{"belongs_to_collection": false, "budget": 24000000, "genres": ["Adventure", "Family", "Fantasy", "Music"], "id": 24961, "release_date": "1978-10-24", "revenue": 21049053, "runtime": 134, "title": "The Wiz"}, {"belongs_to_collection": false, "budget": 0, "genres": ["Documentary", "TV Movie"], "id": 253639, "release_date": "2014-02-02", "revenue": 0, "runtime": 100, "title": "And the Oscar Goes To..."}, {"belongs_to_collection": false, "budget": 0, "genres": ["Documentary"], "id": 174340, "release_date": "2013-04-23", "revenue": 0, "runtime": 83, "title": "Richard Pryor: Omit the Logic"}, {"belongs_to_collection": false, "budget": 0, "genres": ["Romance", "Drama", "Music"], "id": 23148, "release_date": "1972-10-12", "revenue": 0, "runtime": 144, "title": "Lady Sings the Blues"}, {"belongs_to_collection": false, "budget": 0, "genres": ["Drama", "Romance"], "id": 3554, "release_date": "1975-10-08", "revenue": 0, "runtime": 109, "title": "Mahogany"}, {"belongs_to_collection": false, "budget": 0, "genres": ["TV Movie", "Drama"], "id": 117398, "release_date": "1994-01-16", "revenue": 0, "runtime": 100, "title": "Out of Darkness"}, {"belongs_to_collection": false, "budget": 0, "genres": ["Drama", "Music"], "id": 121105, "release_date": "1999-05-16", "revenue": 0, "runtime": 94, "title": "Double Platinum"}, {"belongs_to_collection": false, "budget": 0, "genres": ["Documentary", "Comedy"], "id": 496943, "release_date": "2017-12-29", "revenue": 0, "runtime": 115, "title": "This Is Bob Hope..."}, {"belongs_to_collection": false, "budget": 0, "genres": ["Music"], "id": 68647, "release_date": "1983-05-16", "revenue": 0, "runtime": null, "title": "Motown 25: Yesterday, Today, Forever"}, {"belongs_to_collection": false, "budget": 0, "genres": ["Documentary", "Music"], "id": 228130, "release_date": "2002-02-08", "revenue": 0, "runtime": 80, "title": "It's Black Entertainment"}, {"belongs_to_collection": false, "budget": 0, "genres": ["Music"], "id": 300328, "release_date": "1983-07-25", "revenue": 0, "runtime": 160, "title": "Diana Ross: Live in Central Park"}, {"belongs_to_collection": false, "budget": 0, "genres": ["Documentary", "Music"], "id": 120890, "release_date": "2012-01-01", "revenue": 0, "runtime": 69, "title": "Always Whitney Houston"}, {"belongs_to_collection": false, "budget": 0, "genres": ["Music", "Documentary"], "id": 596592, "release_date": "2019-02-06", "revenue": 0, "runtime": 120, "title": "Motown 60: A Grammy Celebration"}, {"belongs_to_collection": false, "budget": 0, "genres": ["Comedy", "Music", "TV Movie"], "id": 446036, "release_date": "1971-04-18", "revenue": 0, "runtime": 60, "title": "Diana!"}, {"belongs_to_collection": false, "budget": 0, "genres": ["Comedy", "Music"], "id": 90177, "release_date": "1965-09-29", "revenue": 0, "runtime": 83, "title": "Beach Ball"}, {"belongs_to_collection": false, "budget": 0, "genres": ["Documentary"], "id": 625681, "release_date": "", "revenue": 0, "runtime": 93, "title": "Keppel Road: The Life and Music of the Bee Gees"}, {"belongs_to_collection": false, "budget": 0, "genres": ["Documentary", "Music"], "id": 602401, "release_date": "1978-01-01", "revenue": 0, "runtime": 13, "title": "Wiz on Down the Road"}, {"belongs_to_collection": false, "budget": 0, "genres": ["Music", "Documentary"], "id": 574838, "release_date": "2009-02-20", "revenue": 0, "runtime": 59, "title": "Motown at the BBC"}, {"belongs_to_collection": false, "budget": 0, "genres": ["Documentary"], "id": 571837, "release_date": "2018-12-09", "revenue": 0, "runtime": 90, "title": "NBC\u2019s New Year\u2019s Eve"}, {"belongs_to_collection": false, "budget": 0, "genres": ["Music"], "id": 534901, "release_date": "1981-01-31", "revenue": 0, "runtime": 76, "title": "Standing Room Only: Diana Ross"}]}, "Keke Palmer": {"id": 74688, "results": [{"belongs_to_collection": false, "budget": 20000000, "genres": ["Comedy", "Crime", "Drama", "History"], "id": 540901, "release_date": "2019-09-12", "revenue": 0, "runtime": 107, "title": "Hustlers"}, {"belongs_to_collection": true, "budget": 95000000, "genres": ["Animation", "Comedy", "Adventure", "Family"], "id": 57800, "release_date": "2012-06-26", "revenue": 877244782, "runtime": 88, "title": "Ice Age: Continental Drift"}, {"belongs_to_collection": true, "budget": 105000000, "genres": ["Adventure", "Animation", "Family", "Comedy"], "id": 278154, "release_date": "2016-06-23", "revenue": 408579038, "runtime": 100, "title": "Ice Age: Collision Course"}, {"belongs_to_collection": false, "budget": 25000000, "genres": ["Crime", "Thriller", "Mystery"], "id": 13252, "release_date": "2007-09-11", "revenue": 0, "runtime": 88, "title": "Cleaner"}, {"belongs_to_collection": false, "budget": 0, "genres": ["Adventure", "Animation", "Comedy", "Family", "TV Movie"], "id": 387893, "release_date": "2016-03-20", "revenue": 0, "runtime": 25, "title": "Ice Age: The Great Egg-Scapade"}, {"belongs_to_collection": true, "budget": 6000000, "genres": ["Drama", "Comedy", "Romance"], "id": 16781, "release_date": "2006-02-24", "revenue": 57231524, "runtime": 110, "title": "Madea's Family Reunion"}, {"belongs_to_collection": false, "budget": 5100000, "genres": ["Comedy", "Drama"], "id": 22640, "release_date": "2009-06-08", "revenue": 0, "runtime": 104, "title": "Shrink"}, {"belongs_to_collection": true, "budget": 18000000, "genres": ["Comedy", "Drama"], "id": 21301, "release_date": "2004-01-20", "revenue": 65070412, "runtime": 106, "title": "Barbershop 2:  Back in Business"}, {"belongs_to_collection": false, "budget": 0, "genres": ["TV Movie", "Music"], "id": 348089, "release_date": "2016-01-31", "revenue": 0, "runtime": 180, "title": "Grease Live"}, {"belongs_to_collection": false, "budget": 0, "genres": ["Drama", "Comedy", "Romance"], "id": 13968, "release_date": "2007-04-27", "revenue": 0, "runtime": 85, "title": "Jump In!"}, {"belongs_to_collection": false, "budget": 0, "genres": ["TV Movie", "Comedy", "Drama"], "id": 110490, "release_date": "2012-05-28", "revenue": 0, "runtime": null, "title": "Rags"}, {"belongs_to_collection": false, "budget": 8000000, "genres": ["Drama"], "id": 13751, "release_date": "2006-04-28", "revenue": 18948425, "runtime": 112, "title": "Akeelah and the Bee"}, {"belongs_to_collection": false, "budget": 0, "genres": ["Thriller", "Horror"], "id": 274626, "release_date": "2014-06-17", "revenue": 0, "runtime": 86, "title": "Animal"}, {"belongs_to_collection": false, "budget": 0, "genres": ["Comedy", "Music"], "id": 63574, "release_date": "2012-01-13", "revenue": 0, "runtime": 117, "title": "Joyful Noise"}, {"belongs_to_collection": false, "budget": 0, "genres": ["Drama"], "id": 253154, "release_date": "2014-01-20", "revenue": 0, "runtime": 87, "title": "Imperial Dreams"}, {"belongs_to_collection": true, "budget": 0, "genres": ["Animation", "Drama", "Family"], "id": 13017, "release_date": "2008-09-12", "revenue": 0, "runtime": 80, "title": "Unstable Fables: Tortoise vs. Hare"}, {"belongs_to_collection": false, "budget": 0, "genres": ["Drama", "Family", "Comedy"], "id": 13579, "release_date": "2008-08-22", "revenue": 0, "runtime": 94, "title": "The Longshots"}, {"belongs_to_collection": false, "budget": 1900000, "genres": ["Drama"], "id": 295886, "release_date": "2015-04-24", "revenue": 0, "runtime": 89, "title": "Brotherly Love"}, {"belongs_to_collection": false, "budget": 0, "genres": ["Drama"], "id": 417688, "release_date": "2018-11-09", "revenue": 0, "runtime": 86, "title": "Pimp"}, {"belongs_to_collection": false, "budget": 0, "genres": ["Mystery", "Drama"], "id": 139255, "release_date": "2012-10-06", "revenue": 0, "runtime": 90, "title": "Abducted: The Carlina White Story"}]}, "Janet Jackson": {"id": 54421, "results": [{"belongs_to_collection": true, "budget": 84000000, "genres": ["Fantasy", "Comedy", "Romance", "Science Fiction"], "id": 12107, "release_date": "2000-07-27", "revenue": 123307945, "runtime": 106, "title": "Nutty Professor II: The Klumps"}, {"belongs_to_collection": false, "budget": 14000000, "genres": ["Drama", "Romance"], "id": 8291, "release_date": "1993-07-23", "revenue": 27515786, "runtime": 109, "title": "Poetic Justice"}, {"belongs_to_collection": true, "budget": 15000000, "genres": ["Comedy", "Drama"], "id": 17202, "release_date": "2007-10-12", "revenue": 55184721, "runtime": 113, "title": "Why Did I Get Married?"}, {"belongs_to_collection": true, "budget": 20000000, "genres": ["Comedy", "Romance"], "id": 35688, "release_date": "2010-04-02", "revenue": 60072596, "runtime": 121, "title": "Why Did I Get Married Too?"}, {"belongs_to_collection": false, "budget": 0, "genres": ["Drama"], "id": 44944, "release_date": "2010-11-05", "revenue": 37000000, "runtime": 134, "title": "For Colored Girls"}, {"belongs_to_collection": false, "budget": 0, "genres": ["Documentary"], "id": 508003, "release_date": "2018-06-08", "revenue": 1243177, "runtime": 111, "title": "McQueen"}, {"belongs_to_collection": false, "budget": 0, "genres": ["Music"], "id": 131246, "release_date": "1998-10-11", "revenue": 0, "runtime": 121, "title": "Janet Jackson: The Velvet Rope Tour"}, {"belongs_to_collection": false, "budget": 0, "genres": ["Documentary"], "id": 52900, "release_date": "2009-07-07", "revenue": 0, "runtime": 180, "title": "Michael Jackson Memorial"}, {"belongs_to_collection": false, "budget": 0, "genres": ["Music"], "id": 120406, "release_date": "2002-02-17", "revenue": 0, "runtime": 115, "title": "Janet: Live in Hawaii"}, {"belongs_to_collection": false, "budget": 0, "genres": ["Documentary"], "id": 622146, "release_date": "2003-04-24", "revenue": 0, "runtime": null, "title": "Michael Jackson's Private Home Movies"}, {"belongs_to_collection": false, "budget": 0, "genres": ["Documentary"], "id": 169334, "release_date": "2010-01-26", "revenue": 0, "runtime": 70, "title": "Michael Jackson: The Inside Story - What Killed the King of Pop?"}, {"belongs_to_collection": false, "budget": 0, "genres": ["Music"], "id": 395370, "release_date": "1989-09-16", "revenue": 0, "runtime": 30, "title": "Rhythm Nation 1814"}]}, "Thandie Newton": {"id": 9030, "results": [{"belongs_to_collection": false, "budget": 250000000, "genres": ["Action", "Adventure", "Science Fiction"], "id": 348350, "release_date": "2018-05-15", "revenue": 392952373, "runtime": 135, "title": "Solo: A Star Wars Story"}, {"belongs_to_collection": false, "budget": 200000000, "genres": ["Action", "Adventure", "Science Fiction"], "id": 14161, "release_date": "2009-10-10", "revenue": 769653595, "runtime": 158, "title": "2012"}, {"belongs_to_collection": false, "budget": 6500000, "genres": ["Drama"], "id": 1640, "release_date": "2004-09-10", "revenue": 98410061, "runtime": 112, "title": "Crash"}, {"belongs_to_collection": false, "budget": 0, "genres": ["Comedy", "Action", "Crime"], "id": 340022, "release_date": "2018-03-08", "revenue": 0, "runtime": 110, "title": "Gringo"}, {"belongs_to_collection": true, "budget": 125000000, "genres": ["Adventure", "Action", "Thriller"], "id": 955, "release_date": "2000-05-24", "revenue": 546388105, "runtime": 123, "title": "Mission: Impossible II"}, {"belongs_to_collection": true, "budget": 60000000, "genres": ["Horror", "Drama", "Fantasy"], "id": 628, "release_date": "1994-11-11", "revenue": 223664608, "runtime": 123, "title": "Interview with the Vampire"}, {"belongs_to_collection": false, "budget": 35000000, "genres": ["Drama"], "id": 291984, "release_date": "2019-03-13", "revenue": 0, "runtime": 127, "title": "The Death & Life of John F. Donovan"}, {"belongs_to_collection": false, "budget": 10000000, "genres": ["Comedy"], "id": 9757, "release_date": "2007-02-08", "revenue": 159313561, "runtime": 101, "title": "Norbit"}, {"belongs_to_collection": false, "budget": 55000000, "genres": ["Drama"], "id": 1402, "release_date": "2006-12-14", "revenue": 307077295, "runtime": 117, "title": "The Pursuit of Happyness"}, {"belongs_to_collection": false, "budget": 25100000, "genres": ["Drama", "History"], "id": 10523, "release_date": "2008-10-17", "revenue": 29506464, "runtime": 131, "title": "W."}, {"belongs_to_collection": false, "budget": 18000000, "genres": ["Action", "Crime", "Thriller"], "id": 13809, "release_date": "2008-09-04", "revenue": 25739015, "runtime": 114, "title": "RockNRolla"}, {"belongs_to_collection": false, "budget": 10000000, "genres": ["Mystery", "Horror", "Thriller"], "id": 43552, "release_date": "2010-09-11", "revenue": 1068682, "runtime": 92, "title": "Vanishing on 7th Street"}, {"belongs_to_collection": false, "budget": 10000000, "genres": ["Comedy", "Romance"], "id": 7942, "release_date": "2007-09-06", "revenue": 33000000, "runtime": 100, "title": "Run, Fatboy, Run"}, {"belongs_to_collection": false, "budget": 27000000, "genres": ["Comedy", "Romance", "Drama"], "id": 13092, "release_date": "2008-10-02", "revenue": 17286299, "runtime": 110, "title": "How to Lose Friends & Alienate People"}, {"belongs_to_collection": true, "budget": 105000000, "genres": ["Action", "Science Fiction"], "id": 2789, "release_date": "2004-06-11", "revenue": 115772733, "runtime": 119, "title": "The Chronicles of Riddick"}, {"belongs_to_collection": false, "budget": 0, "genres": ["Crime", "Drama", "Comedy"], "id": 12489, "release_date": "1997-01-29", "revenue": 0, "runtime": 91, "title": "Gridlock'd"}, {"belongs_to_collection": false, "budget": 6800000, "genres": ["Action", "Thriller", "Crime"], "id": 14576, "release_date": "2003-05-18", "revenue": 0, "runtime": 101, "title": "Shade"}, {"belongs_to_collection": false, "budget": 0, "genres": ["Drama", "Thriller"], "id": 39437, "release_date": "1998-10-16", "revenue": 0, "runtime": 172, "title": "Beloved"}, {"belongs_to_collection": false, "budget": 0, "genres": ["Mystery", "Thriller", "Romance", "Drama"], "id": 13440, "release_date": "2002-10-25", "revenue": 0, "runtime": 104, "title": "The Truth About Charlie"}, {"belongs_to_collection": false, "budget": 0, "genres": ["Comedy", "Drama", "Romance"], "id": 62008, "release_date": "2012-02-23", "revenue": 0, "runtime": 111, "title": "Good Deeds"}]}, "Zoe Saldana": {"id": 8691, "results": [{"belongs_to_collection": true, "budget": 356000000, "genres": ["Adventure", "Science Fiction", "Action"], "id": 299534, "release_date": "2019-04-24", "revenue": 2796274401, "runtime": 181, "title": "Avengers: Endgame"}, {"belongs_to_collection": true, "budget": 300000000, "genres": ["Adventure", "Action", "Science Fiction"], "id": 299536, "release_date": "2018-04-25", "revenue": 2046239637, "runtime": 149, "title": "Avengers: Infinity War"}, {"belongs_to_collection": true, "budget": 170000000, "genres": ["Action", "Science Fiction", "Adventure"], "id": 118340, "release_date": "2014-07-30", "revenue": 773328629, "runtime": 121, "title": "Guardians of the Galaxy"}, {"belongs_to_collection": true, "budget": 200000000, "genres": ["Action", "Adventure", "Comedy", "Science Fiction"], "id": 283995, "release_date": "2017-04-19", "revenue": 863756051, "runtime": 137, "title": "Guardians of the Galaxy Vol. 2"}, {"belongs_to_collection": true, "budget": 140000000, "genres": ["Adventure", "Fantasy", "Action"], "id": 22, "release_date": "2003-07-09", "revenue": 655011224, "runtime": 143, "title": "Pirates of the Caribbean: The Curse of the Black Pearl"}, {"belongs_to_collection": true, "budget": 237000000, "genres": ["Action", "Adventure", "Fantasy", "Science Fiction"], "id": 19995, "release_date": "2009-12-10", "revenue": 2787965087, "runtime": 162, "title": "Avatar"}, {"belongs_to_collection": false, "budget": 60000000, "genres": ["Comedy", "Drama"], "id": 594, "release_date": "2004-06-17", "revenue": 219417255, "runtime": 128, "title": "The Terminal"}, {"belongs_to_collection": true, "budget": 185000000, "genres": ["Action", "Adventure", "Science Fiction"], "id": 188927, "release_date": "2016-07-07", "revenue": 343471816, "runtime": 122, "title": "Star Trek Beyond"}, {"belongs_to_collection": false, "budget": 22000000, "genres": ["Thriller", "Drama", "Crime"], "id": 164457, "release_date": "2013-12-06", "revenue": 15400000, "runtime": 116, "title": "Out of the Furnace"}, {"belongs_to_collection": false, "budget": 0, "genres": ["Animation", "Comedy", "Adventure", "Fantasy", "Family"], "id": 458253, "release_date": "2019-04-04", "revenue": 16649539, "runtime": 95, "title": "Missing Link"}, {"belongs_to_collection": true, "budget": 150000000, "genres": ["Science Fiction", "Action", "Adventure"], "id": 13475, "release_date": "2009-05-06", "revenue": 385680446, "runtime": 127, "title": "Star Trek"}, {"belongs_to_collection": false, "budget": 15100000, "genres": ["Drama", "Fantasy"], "id": 419831, "release_date": "2018-01-21", "revenue": 0, "runtime": 106, "title": "I Kill Giants"}, {"belongs_to_collection": true, "budget": 190000000, "genres": ["Action", "Adventure", "Science Fiction"], "id": 54138, "release_date": "2013-05-05", "revenue": 467365246, "runtime": 132, "title": "Star Trek Into Darkness"}, {"belongs_to_collection": false, "budget": 40000000, "genres": ["Action", "Thriller", "Crime", "Drama"], "id": 62835, "release_date": "2011-07-27", "revenue": 60965854, "runtime": 108, "title": "Colombiana"}, {"belongs_to_collection": false, "budget": 12000000, "genres": ["Action", "Adventure", "Comedy", "Drama", "Family", "Music", "Romance"], "id": 17130, "release_date": "2002-02-15", "revenue": 61141030, "runtime": 93, "title": "Crossroads"}, {"belongs_to_collection": false, "budget": 50000000, "genres": ["Romance", "Animation", "Adventure", "Comedy", "Family", "Fantasy"], "id": 228326, "release_date": "2014-10-01", "revenue": 97437106, "runtime": 95, "title": "The Book of Life"}, {"belongs_to_collection": false, "budget": 0, "genres": ["Music", "Adventure", "Animation", "Family", "Fantasy"], "id": 335360, "release_date": "2017-10-05", "revenue": 60330833, "runtime": 99, "title": "My Little Pony: The Movie"}, {"belongs_to_collection": false, "budget": 32000000, "genres": ["Action", "Crime", "Drama", "Thriller"], "id": 22907, "release_date": "2010-08-26", "revenue": 69055695, "runtime": 107, "title": "Takers"}, {"belongs_to_collection": false, "budget": 40000000, "genres": ["Drama", "Action", "Thriller", "Crime"], "id": 7461, "release_date": "2008-02-01", "revenue": 151161491, "runtime": 90, "title": "Vantage Point"}, {"belongs_to_collection": false, "budget": 22000000, "genres": ["Comedy", "Romance"], "id": 10050, "release_date": "2001-03-08", "revenue": 0, "runtime": 86, "title": "Get Over It"}]}, "Kat Graham": {"id": 159962, "results": [{"belongs_to_collection": false, "budget": 20000000, "genres": ["Science Fiction", "Thriller", "Mystery", "Action", "Adventure"], "id": 475210, "release_date": "2018-07-13", "revenue": 0, "runtime": 113, "title": "How It Ends"}, {"belongs_to_collection": false, "budget": 0, "genres": ["Comedy", "Family"], "id": 9820, "release_date": "1998-07-28", "revenue": 0, "runtime": 127, "title": "The Parent Trap"}, {"belongs_to_collection": false, "budget": 0, "genres": ["Crime", "Mystery"], "id": 529983, "release_date": "2019-05-23", "revenue": 0, "runtime": 98, "title": "The Poison Rose"}, {"belongs_to_collection": false, "budget": 20000000, "genres": ["Comedy"], "id": 16996, "release_date": "2009-03-11", "revenue": 136267476, "runtime": 102, "title": "17 Again"}, {"belongs_to_collection": false, "budget": 16000000, "genres": ["Thriller", "Drama", "Horror"], "id": 49950, "release_date": "2011-02-04", "revenue": 52545707, "runtime": 91, "title": "The Roommate"}, {"belongs_to_collection": false, "budget": 40000000, "genres": ["Drama", "Music"], "id": 402529, "release_date": "2017-06-12", "revenue": 44922302, "runtime": 139, "title": "All Eyez on Me"}, {"belongs_to_collection": false, "budget": 0, "genres": ["Drama", "Thriller"], "id": 235271, "release_date": "2014-10-10", "revenue": 0, "runtime": 105, "title": "Addicted"}, {"belongs_to_collection": false, "budget": 0, "genres": ["Romance", "Comedy", "Family"], "id": 555850, "release_date": "2018-11-02", "revenue": 0, "runtime": 94, "title": "The Holiday Calendar"}, {"belongs_to_collection": true, "budget": 0, "genres": ["Comedy", "Drama", "Music"], "id": 63710, "release_date": "2011-06-23", "revenue": 0, "runtime": 110, "title": "Honey 2"}, {"belongs_to_collection": false, "budget": 12000000, "genres": ["Comedy", "Family"], "id": 19084, "release_date": "2004-04-07", "revenue": 31179516, "runtime": 97, "title": "Johnson Family Vacation"}, {"belongs_to_collection": false, "budget": 0, "genres": ["Comedy"], "id": 443076, "release_date": "2017-10-20", "revenue": 0, "runtime": 86, "title": "Where's the Money?"}, {"belongs_to_collection": false, "budget": 0, "genres": ["Family"], "id": 80897, "release_date": "2008-12-19", "revenue": 0, "runtime": 89, "title": "Our First Christmas"}, {"belongs_to_collection": false, "budget": 0, "genres": ["Action", "Crime", "Drama", "Thriller"], "id": 493065, "release_date": "", "revenue": 0, "runtime": null, "title": "Cut Throat City"}, {"belongs_to_collection": false, "budget": 0, "genres": [], "id": 489304, "release_date": "", "revenue": 0, "runtime": null, "title": "DECOY"}, {"belongs_to_collection": false, "budget": 0, "genres": ["Comedy"], "id": 153976, "release_date": "2012-07-06", "revenue": 0, "runtime": 89, "title": "Dance Fu"}]}, "Jennifer Hudson": {"id": 15565, "results": [{"belongs_to_collection": true, "budget": 75000000, "genres": ["Animation", "Comedy", "Drama", "Family"], "id": 335797, "release_date": "2016-11-23", "revenue": 632443719, "runtime": 108, "title": "Sing"}, {"belongs_to_collection": false, "budget": 30000000, "genres": ["Comedy"], "id": 76489, "release_date": "2012-04-13", "revenue": 54819301, "runtime": 92, "title": "The Three Stooges"}, {"belongs_to_collection": false, "budget": 70000000, "genres": ["Drama"], "id": 1125, "release_date": "2006-12-25", "revenue": 154937680, "runtime": 134, "title": "Dreamgirls"}, {"belongs_to_collection": true, "budget": 65000000, "genres": ["Comedy", "Drama", "Romance"], "id": 4564, "release_date": "2008-05-12", "revenue": 415252786, "runtime": 145, "title": "Sex and the City"}, {"belongs_to_collection": false, "budget": 0, "genres": ["Comedy"], "id": 419700, "release_date": "2017-04-14", "revenue": 0, "runtime": 130, "title": "Sandy Wexler"}, {"belongs_to_collection": false, "budget": 11000000, "genres": ["Adventure", "Drama"], "id": 12837, "release_date": "2008-09-17", "revenue": 38105395, "runtime": 114, "title": "The Secret Life of Bees"}, {"belongs_to_collection": false, "budget": 0, "genres": ["Documentary", "Music"], "id": 593691, "release_date": "2019-04-17", "revenue": 0, "runtime": 137, "title": "Homecoming: A Film by Beyonc\u00e9"}, {"belongs_to_collection": false, "budget": 0, "genres": ["Drama"], "id": 158908, "release_date": "2013-10-11", "revenue": 0, "runtime": 108, "title": "The Inevitable Defeat of Mister & Pete"}, {"belongs_to_collection": false, "budget": 0, "genres": ["Music", "Drama", "Crime", "Comedy"], "id": 340275, "release_date": "2015-12-04", "revenue": 0, "runtime": 127, "title": "Chi-Raq"}, {"belongs_to_collection": false, "budget": 0, "genres": ["Comedy", "Drama", "Fantasy", "Music"], "id": 536869, "release_date": "2019-12-12", "revenue": 0, "runtime": 110, "title": "Cats"}, {"belongs_to_collection": false, "budget": 0, "genres": ["Drama", "History", "TV Movie"], "id": 348390, "release_date": "2016-04-16", "revenue": 0, "runtime": 110, "title": "Confirmation"}, {"belongs_to_collection": false, "budget": 0, "genres": ["Documentary", "TV Movie"], "id": 253639, "release_date": "2014-02-02", "revenue": 0, "runtime": 100, "title": "And the Oscar Goes To..."}, {"belongs_to_collection": false, "budget": 0, "genres": ["Romance", "Comedy", "Drama", "TV Movie"], "id": 409447, "release_date": "2016-12-07", "revenue": 0, "runtime": 120, "title": "Hairspray Live!"}, {"belongs_to_collection": false, "budget": 0, "genres": ["Crime", "Drama"], "id": 16056, "release_date": "2008-06-24", "revenue": 0, "runtime": 95, "title": "Winged Creatures"}, {"belongs_to_collection": false, "budget": 0, "genres": ["Drama"], "id": 261768, "release_date": "2014-06-13", "revenue": 0, "runtime": 117, "title": "Lullaby"}, {"belongs_to_collection": false, "budget": 0, "genres": ["Drama"], "id": 489932, "release_date": "2019-11-22", "revenue": 0, "runtime": 91, "title": "All Rise"}, {"belongs_to_collection": false, "budget": 17500000, "genres": ["Drama", "Music"], "id": 175541, "release_date": "2013-11-27", "revenue": 7018189, "runtime": 93, "title": "Black Nativity"}, {"belongs_to_collection": false, "budget": 0, "genres": ["Drama"], "id": 187541, "release_date": "2013-04-20", "revenue": 0, "runtime": 90, "title": "Call Me Crazy: A Five Film"}, {"belongs_to_collection": false, "budget": 0, "genres": ["Documentary", "Music"], "id": 453205, "release_date": "2017-04-19", "revenue": 0, "runtime": 123, "title": "Clive Davis: The Soundtrack of Our Lives"}, {"belongs_to_collection": false, "budget": 15000000, "genres": ["Drama"], "id": 75033, "release_date": "2011-09-16", "revenue": 0, "runtime": 107, "title": "Winnie Mandela"}]}, "Tyra Banks": {"id": 77897, "results": [{"belongs_to_collection": false, "budget": 92000000, "genres": ["Action", "Comedy", "Adventure", "War"], "id": 7446, "release_date": "2008-08-09", "revenue": 188072649, "runtime": 107, "title": "Tropic Thunder"}, {"belongs_to_collection": true, "budget": 13000000, "genres": ["Horror", "Thriller"], "id": 11442, "release_date": "2002-07-01", "revenue": 37664855, "runtime": 94, "title": "Halloween: Resurrection"}, {"belongs_to_collection": false, "budget": 45000000, "genres": ["Comedy", "Drama", "Music", "Romance"], "id": 6282, "release_date": "2000-07-30", "revenue": 113916474, "runtime": 100, "title": "Coyote Ugly"}, {"belongs_to_collection": false, "budget": 35000000, "genres": ["Comedy", "Drama", "Family", "Music", "Romance"], "id": 18126, "release_date": "2009-04-10", "revenue": 155545279, "runtime": 102, "title": "Hannah Montana: The Movie"}, {"belongs_to_collection": false, "budget": 20000000, "genres": ["Action", "Comedy", "Drama", "Romance"], "id": 14736, "release_date": "2000-04-21", "revenue": 27728118, "runtime": 124, "title": "Love & Basketball"}, {"belongs_to_collection": false, "budget": 0, "genres": ["Romance", "Drama", "Crime"], "id": 16295, "release_date": "1995-01-11", "revenue": 38290723, "runtime": 127, "title": "Higher Learning"}, {"belongs_to_collection": false, "budget": 0, "genres": ["Animation", "Comedy", "Music"], "id": 13376, "release_date": "2002-11-27", "revenue": 23833131, "runtime": 76, "title": "Eight Crazy Nights"}, {"belongs_to_collection": true, "budget": 0, "genres": ["TV Movie", "Comedy", "Family", "Fantasy"], "id": 36968, "release_date": "2000-03-05", "revenue": 0, "runtime": 101, "title": "Life-Size"}, {"belongs_to_collection": true, "budget": 0, "genres": ["Family", "Fantasy"], "id": 500284, "release_date": "2018-12-02", "revenue": 0, "runtime": 81, "title": "Life-Size 2"}, {"belongs_to_collection": false, "budget": 0, "genres": ["Comedy", "Romance"], "id": 15122, "release_date": "1999-09-10", "revenue": 0, "runtime": 94, "title": "Love Stinks"}, {"belongs_to_collection": false, "budget": 0, "genres": ["Documentary"], "id": 607977, "release_date": "2000-09-05", "revenue": 0, "runtime": 105, "title": "Sports Illustrated: Swimsuit 1997"}, {"belongs_to_collection": false, "budget": 0, "genres": [], "id": 458664, "release_date": "2002-12-10", "revenue": 0, "runtime": 100, "title": "Cleavage"}, {"belongs_to_collection": false, "budget": 0, "genres": ["Documentary"], "id": 607987, "release_date": "2000-09-05", "revenue": 0, "runtime": 45, "title": "Sports Illustrated: Swimsuit 1996"}]}, "Sharon Leal": {"id": 15566, "results": [{"belongs_to_collection": false, "budget": 70000000, "genres": ["Drama"], "id": 1125, "release_date": "2006-12-25", "revenue": 154937680, "runtime": 134, "title": "Dreamgirls"}, {"belongs_to_collection": false, "budget": 0, "genres": ["Drama", "Thriller"], "id": 235271, "release_date": "2014-10-10", "revenue": 0, "runtime": 105, "title": "Addicted"}, {"belongs_to_collection": false, "budget": 0, "genres": ["Drama"], "id": 515333, "release_date": "2018-04-06", "revenue": 0, "runtime": 96, "title": "Amateur"}, {"belongs_to_collection": true, "budget": 15000000, "genres": ["Comedy", "Drama"], "id": 17202, "release_date": "2007-10-12", "revenue": 55184721, "runtime": 113, "title": "Why Did I Get Married?"}, {"belongs_to_collection": false, "budget": 13000000, "genres": ["Comedy", "Drama", "Romance"], "id": 15250, "release_date": "2007-11-27", "revenue": 0, "runtime": 117, "title": "This Christmas"}, {"belongs_to_collection": true, "budget": 20000000, "genres": ["Comedy", "Romance"], "id": 35688, "release_date": "2010-04-02", "revenue": 60072596, "runtime": 121, "title": "Why Did I Get Married Too?"}, {"belongs_to_collection": false, "budget": 5000000, "genres": ["Action", "Adventure", "Crime", "Drama", "Thriller"], "id": 15012, "release_date": "2008-01-01", "revenue": 0, "runtime": 90, "title": "Linewatch"}, {"belongs_to_collection": false, "budget": 14500000, "genres": ["Drama"], "id": 288980, "release_date": "2014-08-21", "revenue": 0, "runtime": 98, "title": "Freedom"}, {"belongs_to_collection": false, "budget": 0, "genres": ["Comedy", "Music"], "id": 14655, "release_date": "2008-11-07", "revenue": 0, "runtime": 103, "title": "Soul Men"}, {"belongs_to_collection": true, "budget": 0, "genres": ["Drama", "Thriller"], "id": 39178, "release_date": "2007-05-01", "revenue": 0, "runtime": 94, "title": "Motives 2"}, {"belongs_to_collection": false, "budget": 0, "genres": ["Drama"], "id": 87822, "release_date": "2012-04-13", "revenue": 0, "runtime": 101, "title": "Woman Thou Art Loosed: On the 7th Day"}, {"belongs_to_collection": false, "budget": 1000000, "genres": ["Drama"], "id": 215918, "release_date": "2013-12-31", "revenue": 0, "runtime": 90, "title": "1982"}, {"belongs_to_collection": false, "budget": 0, "genres": ["Drama"], "id": 469035, "release_date": "2017-09-22", "revenue": 0, "runtime": 89, "title": "Shot"}, {"belongs_to_collection": false, "budget": 1000000, "genres": ["Comedy", "Romance"], "id": 441453, "release_date": "2016-09-24", "revenue": 0, "runtime": 88, "title": "36 Hour Layover"}, {"belongs_to_collection": false, "budget": 0, "genres": ["Thriller"], "id": 243978, "release_date": "2013-12-17", "revenue": 0, "runtime": null, "title": "The Last Letter"}, {"belongs_to_collection": false, "budget": 0, "genres": [], "id": 594734, "release_date": "2018-11-13", "revenue": 0, "runtime": 79, "title": "Bella's Story"}, {"belongs_to_collection": false, "budget": 0, "genres": ["Drama"], "id": 426084, "release_date": "", "revenue": 0, "runtime": null, "title": "Traces"}, {"belongs_to_collection": false, "budget": 0, "genres": ["TV Movie", "Drama"], "id": 324114, "release_date": "2015-02-07", "revenue": 0, "runtime": null, "title": "White Water"}, {"belongs_to_collection": false, "budget": 0, "genres": ["Romance", "Comedy"], "id": 271570, "release_date": "2000-01-01", "revenue": 0, "runtime": 89, "title": "Face the Music"}]}, "Gugu Mbatha-Raw": {"id": 1216606, "results": [{"belongs_to_collection": false, "budget": 160000000, "genres": ["Family", "Fantasy", "Romance"], "id": 321612, "release_date": "2017-03-16", "revenue": 1263521126, "runtime": 129, "title": "Beauty and the Beast"}, {"belongs_to_collection": false, "budget": 176000003, "genres": ["Science Fiction", "Fantasy", "Action", "Adventure"], "id": 76757, "release_date": "2015-02-04", "revenue": 183987723, "runtime": 124, "title": "Jupiter Ascending"}, {"belongs_to_collection": false, "budget": 35000000, "genres": ["Drama"], "id": 321741, "release_date": "2015-11-12", "revenue": 50363790, "runtime": 123, "title": "Concussion"}, {"belongs_to_collection": false, "budget": 103000000, "genres": ["Adventure", "Science Fiction", "Family", "Fantasy"], "id": 407451, "release_date": "2018-03-08", "revenue": 132675864, "runtime": 109, "title": "A Wrinkle in Time"}, {"belongs_to_collection": false, "budget": 10000000, "genres": ["Mystery", "Thriller", "Horror", "Science Fiction"], "id": 384521, "release_date": "2018-02-04", "revenue": 0, "runtime": 102, "title": "The Cloverfield Paradox"}, {"belongs_to_collection": false, "budget": 50000000, "genres": ["Action", "Drama", "History", "War"], "id": 316152, "release_date": "2016-06-24", "revenue": 25035950, "runtime": 139, "title": "Free State of Jones"}, {"belongs_to_collection": false, "budget": 27000000, "genres": ["Mystery", "Thriller"], "id": 179826, "release_date": "2013-01-29", "revenue": 0, "runtime": 100, "title": "Odd Thomas"}, {"belongs_to_collection": false, "budget": 0, "genres": ["Drama", "Thriller"], "id": 331583, "release_date": "2016-03-25", "revenue": 0, "runtime": 93, "title": "The Whole Truth"}, {"belongs_to_collection": false, "budget": 13000000, "genres": ["Drama", "Thriller"], "id": 376290, "release_date": "2016-11-25", "revenue": 9101546, "runtime": 132, "title": "Miss Sloane"}, {"belongs_to_collection": false, "budget": 10000000, "genres": ["Comedy", "Romance", "Drama"], "id": 450489, "release_date": "2018-02-16", "revenue": 0, "runtime": 96, "title": "Irreplaceable You"}, {"belongs_to_collection": false, "budget": 10900000, "genres": ["Drama"], "id": 205601, "release_date": "2013-09-08", "revenue": 16505460, "runtime": 105, "title": "Belle"}, {"belongs_to_collection": false, "budget": 30000000, "genres": ["Comedy", "Romance", "Drama"], "id": 59861, "release_date": "2011-06-30", "revenue": 36160375, "runtime": 98, "title": "Larry Crowne"}, {"belongs_to_collection": false, "budget": 0, "genres": ["Thriller", "Drama", "Science Fiction"], "id": 450487, "release_date": "2019-03-29", "revenue": 0, "runtime": 100, "title": "Fast Color"}, {"belongs_to_collection": false, "budget": 7000000, "genres": ["Romance", "Drama"], "id": 241771, "release_date": "2014-09-10", "revenue": 14618727, "runtime": 116, "title": "Beyond the Lights"}, {"belongs_to_collection": false, "budget": 0, "genres": ["Thriller"], "id": 13538, "release_date": "2007-04-27", "revenue": 0, "runtime": 88, "title": "Straightheads"}, {"belongs_to_collection": false, "budget": 0, "genres": ["Documentary"], "id": 627133, "release_date": "2019-08-30", "revenue": 0, "runtime": 83, "title": "The Crystal Calls - Making The Dark Crystal: Age of Resistance"}, {"belongs_to_collection": false, "budget": 0, "genres": ["Crime", "Drama"], "id": 504562, "release_date": "2019-10-31", "revenue": 0, "runtime": 144, "title": "Motherless Brooklyn"}, {"belongs_to_collection": false, "budget": 0, "genres": ["Romance"], "id": 341747, "release_date": "2014-12-11", "revenue": 0, "runtime": 9, "title": "9 Kisses"}, {"belongs_to_collection": false, "budget": 0, "genres": ["Drama", "TV Movie"], "id": 61528, "release_date": "2006-12-04", "revenue": 0, "runtime": 83, "title": "Born Equal"}, {"belongs_to_collection": false, "budget": 0, "genres": ["Drama"], "id": 475214, "release_date": "2019-10-11", "revenue": 0, "runtime": 107, "title": "Farming"}]}, "Eartha Kitt": {"id": 70243, "results": [{"belongs_to_collection": true, "budget": 100000000, "genres": ["Adventure", "Animation", "Comedy", "Family", "Fantasy"], "id": 11688, "release_date": "2000-12-09", "revenue": 169327687, "runtime": 78, "title": "The Emperor's New Groove"}, {"belongs_to_collection": false, "budget": 40000000, "genres": ["Comedy", "Romance"], "id": 11066, "release_date": "1992-06-30", "revenue": 70100000, "runtime": 117, "title": "Boomerang"}, {"belongs_to_collection": true, "budget": 0, "genres": ["Animation", "Comedy", "Family"], "id": 13417, "release_date": "2005-12-05", "revenue": 0, "runtime": 72, "title": "Kronk's New Groove"}, {"belongs_to_collection": false, "budget": 20000000, "genres": ["Adventure", "Family", "Drama", "Comedy"], "id": 8326, "release_date": "2003-04-18", "revenue": 0, "runtime": 117, "title": "Holes"}, {"belongs_to_collection": false, "budget": 0, "genres": ["Comedy", "Crime", "Thriller"], "id": 26141, "release_date": "1993-10-29", "revenue": 0, "runtime": 91, "title": "Fatal Instinct"}, {"belongs_to_collection": false, "budget": 0, "genres": ["Adventure", "Fantasy", "Comedy"], "id": 11828, "release_date": "1989-09-01", "revenue": 0, "runtime": 107, "title": "Erik the Viking"}, {"belongs_to_collection": false, "budget": 12000000, "genres": ["Comedy", "Drama", "Family"], "id": 38223, "release_date": "1996-07-10", "revenue": 0, "runtime": 100, "title": "Harriet the Spy"}, {"belongs_to_collection": true, "budget": 0, "genres": ["Horror", "Comedy", "Family"], "id": 32685, "release_date": "1991-10-11", "revenue": 0, "runtime": 91, "title": "Ernest Scared Stupid"}, {"belongs_to_collection": false, "budget": 0, "genres": ["Action", "Thriller"], "id": 56539, "release_date": "1975-12-25", "revenue": 0, "runtime": 90, "title": "Friday Foster"}, {"belongs_to_collection": false, "budget": 0, "genres": ["Comedy"], "id": 4338, "release_date": "1998-09-13", "revenue": 0, "runtime": 90, "title": "I Woke Up Early the Day I Died"}, {"belongs_to_collection": false, "budget": 0, "genres": ["Comedy"], "id": 24144, "release_date": "1972-01-14", "revenue": 0, "runtime": 94, "title": "Up the Chastity Belt"}, {"belongs_to_collection": false, "budget": 0, "genres": ["Documentary"], "id": 77350, "release_date": "1995-08-11", "revenue": 0, "runtime": 73, "title": "Unzipped"}, {"belongs_to_collection": false, "budget": 0, "genres": ["Animation", "Documentary"], "id": 97400, "release_date": "2002-09-13", "revenue": 0, "runtime": 86, "title": "The Sweatbox"}, {"belongs_to_collection": false, "budget": 0, "genres": ["Drama"], "id": 170477, "release_date": "1958-11-01", "revenue": 0, "runtime": 97, "title": "Anna Lucasta"}, {"belongs_to_collection": false, "budget": 0, "genres": ["Horror"], "id": 67730, "release_date": "1990-02-01", "revenue": 0, "runtime": 92, "title": "Living Doll"}, {"belongs_to_collection": false, "budget": 0, "genres": ["Drama"], "id": 134338, "release_date": "1965-04-13", "revenue": 0, "runtime": 118, "title": "Uncle Tom's Cabin"}, {"belongs_to_collection": false, "budget": 0, "genres": ["Drama"], "id": 222761, "release_date": "1979-06-15", "revenue": 0, "runtime": 87, "title": "Tropic of Desire"}, {"belongs_to_collection": false, "budget": 0, "genres": ["Drama", "History"], "id": 242780, "release_date": "1987-05-12", "revenue": 0, "runtime": 93, "title": "Dragonard"}, {"belongs_to_collection": false, "budget": 0, "genres": ["Animation", "Family"], "id": 315906, "release_date": "2001-12-17", "revenue": 0, "runtime": 60, "title": "Santa, Baby!"}, {"belongs_to_collection": false, "budget": 0, "genres": ["Drama"], "id": 113103, "release_date": "1965-05-05", "revenue": 0, "runtime": 107, "title": "Synanon"}]}, "Michael Michele": {"id": 39977, "results": [{"belongs_to_collection": false, "budget": 107000000, "genres": ["Drama"], "id": 8489, "release_date": "2001-12-11", "revenue": 87713825, "runtime": 157, "title": "Ali"}, {"belongs_to_collection": false, "budget": 50000000, "genres": ["Comedy", "Romance"], "id": 9919, "release_date": "2003-02-07", "revenue": 177371441, "runtime": 116, "title": "How to Lose a Guy in 10 Days"}, {"belongs_to_collection": false, "budget": 15000000, "genres": ["Crime", "Drama", "Thriller"], "id": 4911, "release_date": "2002-12-14", "revenue": 9237470, "runtime": 118, "title": "Dark Blue"}, {"belongs_to_collection": false, "budget": 8500000, "genres": ["Thriller", "Crime", "Drama"], "id": 10952, "release_date": "1991-03-08", "revenue": 47624253, "runtime": 97, "title": "New Jack City"}, {"belongs_to_collection": true, "budget": 0, "genres": ["Action", "Mystery", "Thriller"], "id": 29812, "release_date": "1998-08-01", "revenue": 0, "runtime": 89, "title": "The Substitute 2: School's Out"}, {"belongs_to_collection": false, "budget": 0, "genres": ["Adventure", "Fantasy", "Romance", "Science Fiction"], "id": 279828, "release_date": "2014-06-20", "revenue": 0, "runtime": 43, "title": "Delirium"}, {"belongs_to_collection": false, "budget": 0, "genres": ["Drama", "Crime"], "id": 31006, "release_date": "2000-02-13", "revenue": 0, "runtime": 89, "title": "Homicide: The Movie"}, {"belongs_to_collection": false, "budget": 0, "genres": ["TV Movie", "Crime", "Drama", "Thriller"], "id": 26301, "release_date": "2005-10-09", "revenue": 0, "runtime": 82, "title": "The Hunt for the BTK Killer"}, {"belongs_to_collection": false, "budget": 0, "genres": ["Drama", "TV Movie"], "id": 248170, "release_date": "2009-03-14", "revenue": 0, "runtime": 89, "title": "Relative Stranger"}, {"belongs_to_collection": false, "budget": 0, "genres": [], "id": 595718, "release_date": "2011-01-01", "revenue": 0, "runtime": null, "title": "Eden"}]}, "Whitney Houston": {"id": 8851, "results": [{"belongs_to_collection": false, "budget": 25000000, "genres": ["Thriller", "Action", "Drama", "Music", "Romance"], "id": 619, "release_date": "1992-11-25", "revenue": 411006740, "runtime": 129, "title": "The Bodyguard"}, {"belongs_to_collection": false, "budget": 40000000, "genres": ["Fantasy", "Drama", "Comedy", "Family", "Romance"], "id": 21539, "release_date": "1996-12-13", "revenue": 48093211, "runtime": 124, "title": "The Preacher's Wife"}, {"belongs_to_collection": false, "budget": 0, "genres": ["TV Movie", "Family", "Fantasy", "Music", "Romance"], "id": 42884, "release_date": "1997-11-02", "revenue": 0, "runtime": 88, "title": "Cinderella"}, {"belongs_to_collection": false, "budget": 16000000, "genres": ["Comedy", "Drama", "Romance"], "id": 31357, "release_date": "1995-12-22", "revenue": 81452156, "runtime": 127, "title": "Waiting to Exhale"}, {"belongs_to_collection": false, "budget": 0, "genres": ["Documentary", "Music"], "id": 448449, "release_date": "2017-04-24", "revenue": 0, "runtime": 105, "title": "Whitney: Can I Be Me"}, {"belongs_to_collection": false, "budget": 0, "genres": ["Documentary", "Music"], "id": 507256, "release_date": "2018-07-06", "revenue": 1251945, "runtime": 120, "title": "Whitney"}, {"belongs_to_collection": false, "budget": 14000000, "genres": ["Drama", "Music"], "id": 88036, "release_date": "2012-08-17", "revenue": 24637469, "runtime": 116, "title": "Sparkle"}, {"belongs_to_collection": false, "budget": 0, "genres": ["Comedy", "Music"], "id": 343835, "release_date": "1990-02-04", "revenue": 0, "runtime": 150, "title": "Sammy Davis, Jr. 60th Anniversary Celebration"}, {"belongs_to_collection": false, "budget": 0, "genres": ["Music"], "id": 59064, "release_date": "2002-10-22", "revenue": 0, "runtime": 45, "title": "VH1: Divas Las Vegas"}, {"belongs_to_collection": false, "budget": 0, "genres": ["Music"], "id": 59057, "release_date": "1999-04-03", "revenue": 0, "runtime": 73, "title": "VH1: Divas Live '99"}, {"belongs_to_collection": false, "budget": 0, "genres": ["Music"], "id": 85737, "release_date": "2006-11-13", "revenue": 0, "runtime": 205, "title": "George Michael - Twenty Five"}, {"belongs_to_collection": false, "budget": 0, "genres": ["Documentary", "Music"], "id": 228130, "release_date": "2002-02-08", "revenue": 0, "runtime": 80, "title": "It's Black Entertainment"}, {"belongs_to_collection": false, "budget": 0, "genres": ["Documentary", "Music"], "id": 120890, "release_date": "2012-01-01", "revenue": 0, "runtime": 69, "title": "Always Whitney Houston"}, {"belongs_to_collection": false, "budget": 0, "genres": [], "id": 122559, "release_date": "2012-07-01", "revenue": 0, "runtime": 73, "title": "Whitney Houston - We Will Always Love You"}, {"belongs_to_collection": false, "budget": 0, "genres": ["Documentary"], "id": 609974, "release_date": "2012-10-17", "revenue": 0, "runtime": 42, "title": "The Houstons Remember Whitney"}, {"belongs_to_collection": false, "budget": 0, "genres": ["Music"], "id": 473159, "release_date": "1997-10-01", "revenue": 0, "runtime": 152, "title": "Classic Whitney: Live from Washington, D.C."}, {"belongs_to_collection": false, "budget": 0, "genres": ["Documentary"], "id": 314850, "release_date": "1997-10-15", "revenue": 0, "runtime": 60, "title": "Scratch the Surface"}]}, "Sanaa Lathan": {"id": 5411, "results": [{"belongs_to_collection": true, "budget": 90000000, "genres": ["Action", "Comedy", "Thriller"], "id": 291805, "release_date": "2016-06-02", "revenue": 334901337, "runtime": 129, "title": "Now You See Me 2"}, {"belongs_to_collection": false, "budget": 33000000, "genres": ["Action", "Thriller"], "id": 415842, "release_date": "2017-09-14", "revenue": 66167951, "runtime": 112, "title": "American Assassin"}, {"belongs_to_collection": false, "budget": 60000000, "genres": ["Drama", "Thriller", "Science Fiction"], "id": 39538, "release_date": "2011-09-08", "revenue": 137551594, "runtime": 106, "title": "Contagion"}, {"belongs_to_collection": true, "budget": 70000000, "genres": ["Adventure", "Science Fiction", "Action", "Horror"], "id": 395, "release_date": "2004-08-12", "revenue": 171183863, "runtime": 101, "title": "AVP: Alien vs. Predator"}, {"belongs_to_collection": true, "budget": 45000000, "genres": ["Horror", "Action"], "id": 36647, "release_date": "1998-08-21", "revenue": 131183530, "runtime": 120, "title": "Blade"}, {"belongs_to_collection": false, "budget": 80000000, "genres": ["Comedy", "Crime"], "id": 6522, "release_date": "1999-04-16", "revenue": 73521587, "runtime": 108, "title": "Life"}, {"belongs_to_collection": false, "budget": 50000000, "genres": ["Thriller", "Crime", "Drama"], "id": 2116, "release_date": "2003-10-03", "revenue": 55495563, "runtime": 105, "title": "Out of Time"}, {"belongs_to_collection": false, "budget": 0, "genres": ["Drama"], "id": 17740, "release_date": "2009-05-08", "revenue": 0, "runtime": 106, "title": "Powder Blue"}, {"belongs_to_collection": false, "budget": 0, "genres": ["Comedy", "Romance"], "id": 519035, "release_date": "2018-09-21", "revenue": 0, "runtime": 100, "title": "Nappily Ever After"}, {"belongs_to_collection": false, "budget": 3500000, "genres": ["Action", "Adventure", "Science Fiction", "Comedy"], "id": 25571, "release_date": "1997-08-06", "revenue": 0, "runtime": 100, "title": "Drive"}, {"belongs_to_collection": false, "budget": 0, "genres": ["Thriller", "Drama", "Science Fiction"], "id": 328429, "release_date": "2016-06-03", "revenue": 10232, "runtime": 90, "title": "Approaching the Unknown"}, {"belongs_to_collection": false, "budget": 0, "genres": ["Comedy", "Drama", "Romance"], "id": 15363, "release_date": "2006-01-29", "revenue": 11400000, "runtime": 99, "title": "Something New"}, {"belongs_to_collection": false, "budget": 20000000, "genres": ["Action", "Comedy", "Drama", "Romance"], "id": 14736, "release_date": "2000-04-21", "revenue": 27728118, "runtime": 124, "title": "Love & Basketball"}, {"belongs_to_collection": true, "budget": 17000000, "genres": ["Comedy"], "id": 146304, "release_date": "2013-11-15", "revenue": 71625195, "runtime": 123, "title": "The Best Man Holiday"}, {"belongs_to_collection": false, "budget": 0, "genres": ["Drama"], "id": 512199, "release_date": "2019-01-24", "revenue": 0, "runtime": 114, "title": "Native Son"}, {"belongs_to_collection": false, "budget": 12000000, "genres": ["Drama", "Thriller"], "id": 304372, "release_date": "2015-09-11", "revenue": 60273173, "runtime": 100, "title": "The Perfect Guy"}, {"belongs_to_collection": true, "budget": 9000000, "genres": ["Drama", "Comedy"], "id": 16162, "release_date": "1999-10-22", "revenue": 34573780, "runtime": 120, "title": "The Best Man"}, {"belongs_to_collection": false, "budget": 5000000, "genres": ["Horror", "Thriller"], "id": 80920, "release_date": "2014-02-28", "revenue": 1189612, "runtime": 90, "title": "Repentance"}, {"belongs_to_collection": false, "budget": 0, "genres": ["Drama", "Romance"], "id": 15450, "release_date": "2008-09-12", "revenue": 0, "runtime": 111, "title": "The Family That Preys"}, {"belongs_to_collection": false, "budget": 8000000, "genres": ["Comedy", "Romance"], "id": 37964, "release_date": "2002-10-05", "revenue": 27362712, "runtime": 109, "title": "Brown Sugar"}]}, "Tamara Dobson": {"id": 21923, "results": [{"belongs_to_collection": false, "budget": 0, "genres": ["Comedy", "Crime", "Drama"], "id": 4986, "release_date": "1972-07-14", "revenue": 0, "runtime": 93, "title": "Fuzz"}, {"belongs_to_collection": false, "budget": 0, "genres": ["Action", "Crime", "Drama", "Thriller"], "id": 18406, "release_date": "1983-05-27", "revenue": 0, "runtime": 99, "title": "Chained Heat"}, {"belongs_to_collection": true, "budget": 0, "genres": ["Thriller", "Action", "Crime"], "id": 26196, "release_date": "1973-07-13", "revenue": 0, "runtime": 89, "title": "Cleopatra Jones"}, {"belongs_to_collection": false, "budget": 0, "genres": ["Action", "Documentary"], "id": 67083, "release_date": "2002-01-01", "revenue": 0, "runtime": 58, "title": "BaadAsssss Cinema"}, {"belongs_to_collection": true, "budget": 0, "genres": ["Action", "Adventure", "Drama"], "id": 2139, "release_date": "1975-07-11", "revenue": 0, "runtime": 94, "title": "Cleopatra Jones and the Casino of Gold"}, {"belongs_to_collection": false, "budget": 0, "genres": ["Thriller", "Crime", "Drama"], "id": 197487, "release_date": "1984-01-29", "revenue": 0, "runtime": 95, "title": "Amazons"}, {"belongs_to_collection": false, "budget": 0, "genres": ["Comedy", "Drama"], "id": 91722, "release_date": "1976-09-29", "revenue": 0, "runtime": 91, "title": "Norman... Is That You?"}, {"belongs_to_collection": false, "budget": 0, "genres": ["Thriller", "Drama"], "id": 449987, "release_date": "1977-03-20", "revenue": 0, "runtime": 100, "title": "Murder at the World Series"}]}, "Taraji P. Henson": {"id": 40036, "results": [{"belongs_to_collection": true, "budget": 175000000, "genres": ["Family", "Animation", "Comedy", "Adventure"], "id": 404368, "release_date": "2018-11-20", "revenue": 529221154, "runtime": 112, "title": "Ralph Breaks the Internet"}, {"belongs_to_collection": false, "budget": 25000000, "genres": ["Drama", "History"], "id": 381284, "release_date": "2016-12-10", "revenue": 230698791, "runtime": 127, "title": "Hidden Figures"}, {"belongs_to_collection": false, "budget": 20000000, "genres": ["Comedy", "Romance"], "id": 487297, "release_date": "2019-02-08", "revenue": 69766483, "runtime": 117, "title": "What Men Want"}, {"belongs_to_collection": false, "budget": 55000000, "genres": ["Comedy"], "id": 35056, "release_date": "2010-04-08", "revenue": 152263880, "runtime": 97, "title": "Date Night"}, {"belongs_to_collection": false, "budget": 150000000, "genres": ["Fantasy", "Drama", "Thriller", "Mystery", "Romance"], "id": 4922, "release_date": "2008-12-25", "revenue": 333932083, "runtime": 166, "title": "The Curious Case of Benjamin Button"}, {"belongs_to_collection": false, "budget": 13200000, "genres": ["Crime", "Thriller"], "id": 136835, "release_date": "2014-09-10", "revenue": 53830415, "runtime": 83, "title": "No Good Deed"}, {"belongs_to_collection": false, "budget": 40000000, "genres": ["Action", "Adventure", "Drama", "Family"], "id": 38575, "release_date": "2010-06-10", "revenue": 357852395, "runtime": 140, "title": "The Karate Kid"}, {"belongs_to_collection": true, "budget": 17000000, "genres": ["Action", "Comedy", "Crime", "Thriller", "Mystery"], "id": 7516, "release_date": "2006-12-09", "revenue": 57103895, "runtime": 109, "title": "Smokin' Aces"}, {"belongs_to_collection": false, "budget": 45000000, "genres": ["Action", "Crime"], "id": 8292, "release_date": "2005-08-11", "revenue": 92374674, "runtime": 109, "title": "Four Brothers"}, {"belongs_to_collection": true, "budget": 24000000, "genres": ["Comedy", "Romance"], "id": 184098, "release_date": "2014-06-20", "revenue": 70181428, "runtime": 105, "title": "Think Like a Man Too"}, {"belongs_to_collection": false, "budget": 8000000, "genres": ["Drama"], "id": 10476, "release_date": "2005-07-22", "revenue": 23563727, "runtime": 116, "title": "Hustle & Flow"}, {"belongs_to_collection": false, "budget": 0, "genres": ["Adventure", "Animation", "Comedy", "Family", "TV Movie"], "id": 387893, "release_date": "2016-03-20", "revenue": 0, "runtime": 25, "title": "Ice Age: The Great Egg-Scapade"}, {"belongs_to_collection": false, "budget": 20000000, "genres": ["Thriller"], "id": 464502, "release_date": "2018-03-30", "revenue": 34764055, "runtime": 120, "title": "Acrimony"}, {"belongs_to_collection": false, "budget": 0, "genres": ["Animation", "Comedy", "Family"], "id": 161143, "release_date": "2013-01-29", "revenue": 0, "runtime": 22, "title": "Madly Madagascar"}, {"belongs_to_collection": false, "budget": 30000000, "genres": ["Comedy", "Romance", "Drama"], "id": 59861, "release_date": "2011-06-30", "revenue": 36160375, "runtime": 98, "title": "Larry Crowne"}, {"belongs_to_collection": false, "budget": 0, "genres": ["Drama", "Comedy"], "id": 284296, "release_date": "2014-12-12", "revenue": 25434291, "runtime": 102, "title": "Top Five"}, {"belongs_to_collection": true, "budget": 12000000, "genres": ["Comedy", "Romance"], "id": 67660, "release_date": "2012-04-16", "revenue": 96070507, "runtime": 122, "title": "Think Like a Man"}, {"belongs_to_collection": false, "budget": 76000000, "genres": ["Action", "Adventure", "Animation", "Comedy", "Family"], "id": 17711, "release_date": "2000-06-30", "revenue": 35134820, "runtime": 88, "title": "The Adventures of Rocky & Bullwinkle"}, {"belongs_to_collection": false, "budget": 14000000, "genres": ["Thriller", "Action", "Crime"], "id": 442064, "release_date": "2018-01-12", "revenue": 21753365, "runtime": 88, "title": "Proud Mary"}, {"belongs_to_collection": false, "budget": 16000000, "genres": ["Crime", "Drama", "Romance", "Thriller"], "id": 16161, "release_date": "2001-06-27", "revenue": 29381649, "runtime": 130, "title": "Baby Boy"}]}, "Traci Bingham": {"id": 97780, "results": [{"belongs_to_collection": true, "budget": 0, "genres": ["Horror", "Comedy", "Thriller"], "id": 9059, "release_date": "1995-01-13", "revenue": 0, "runtime": 92, "title": "Tales from the Crypt: Demon Knight"}, {"belongs_to_collection": false, "budget": 0, "genres": ["Thriller"], "id": 149549, "release_date": "2003-11-11", "revenue": 0, "runtime": 91, "title": "Bad Bizness"}, {"belongs_to_collection": false, "budget": 0, "genres": ["Comedy", "Drama"], "id": 27455, "release_date": "1999-04-09", "revenue": 6033999, "runtime": 84, "title": "Foolish"}, {"belongs_to_collection": false, "budget": 0, "genres": ["Comedy"], "id": 70964, "release_date": "1998-11-25", "revenue": 0, "runtime": 90, "title": "Board Heads"}, {"belongs_to_collection": false, "budget": 4000000, "genres": [], "id": 447565, "release_date": "2010-01-01", "revenue": 0, "runtime": 75, "title": "Black Widow"}, {"belongs_to_collection": false, "budget": 5000000, "genres": ["Adventure", "Action"], "id": 216290, "release_date": "1999-09-25", "revenue": 0, "runtime": 81, "title": "D.R.E.A.M. Team"}, {"belongs_to_collection": false, "budget": 0, "genres": ["Comedy"], "id": 151733, "release_date": "2003-08-26", "revenue": 0, "runtime": 91, "title": "Malibooty"}, {"belongs_to_collection": false, "budget": 0, "genres": ["Documentary"], "id": 224992, "release_date": "2013-04-02", "revenue": 0, "runtime": 90, "title": "Chasing Beauty"}]}, "Naomie Harris": {"id": 2038, "results": [{"belongs_to_collection": true, "budget": 200000000, "genres": ["Adventure", "Fantasy", "Action"], "id": 58, "release_date": "2006-06-20", "revenue": 1065659812, "runtime": 151, "title": "Pirates of the Caribbean: Dead Man's Chest"}, {"belongs_to_collection": true, "budget": 245000000, "genres": ["Action", "Adventure", "Crime"], "id": 206647, "release_date": "2015-10-26", "revenue": 880674609, "runtime": 148, "title": "Spectre"}, {"belongs_to_collection": false, "budget": 120000000, "genres": ["Action", "Adventure", "Science Fiction", "Fantasy"], "id": 427641, "release_date": "2018-04-12", "revenue": 426245950, "runtime": 107, "title": "Rampage"}, {"belongs_to_collection": true, "budget": 200000000, "genres": ["Action", "Adventure", "Thriller"], "id": 37724, "release_date": "2012-10-25", "revenue": 1108561013, "runtime": 143, "title": "Skyfall"}, {"belongs_to_collection": false, "budget": 30000000, "genres": ["Action", "Drama"], "id": 307081, "release_date": "2015-06-15", "revenue": 91709827, "runtime": 123, "title": "Southpaw"}, {"belongs_to_collection": false, "budget": 175000000, "genres": ["Adventure", "Drama"], "id": 407436, "release_date": "2018-11-25", "revenue": 0, "runtime": 105, "title": "Mowgli: Legend of the Jungle"}, {"belongs_to_collection": true, "budget": 300000000, "genres": ["Adventure", "Fantasy", "Action"], "id": 285, "release_date": "2007-05-19", "revenue": 961000000, "runtime": 169, "title": "Pirates of the Caribbean: At World's End"}, {"belongs_to_collection": true, "budget": 5000000, "genres": ["Horror", "Thriller", "Science Fiction"], "id": 170, "release_date": "2002-10-31", "revenue": 82719885, "runtime": 113, "title": "28 Days Later"}, {"belongs_to_collection": false, "budget": 4000000, "genres": ["Drama"], "id": 376867, "release_date": "2016-10-21", "revenue": 65046687, "runtime": 111, "title": "Moonlight"}, {"belongs_to_collection": true, "budget": 20000000, "genres": ["Action", "Crime", "Drama", "Thriller"], "id": 1266, "release_date": "2008-04-10", "revenue": 65569869, "runtime": 109, "title": "Street Kings"}, {"belongs_to_collection": false, "budget": 36000000, "genres": ["Drama", "Romance"], "id": 345920, "release_date": "2016-12-06", "revenue": 87416021, "runtime": 97, "title": "Collateral Beauty"}, {"belongs_to_collection": false, "budget": 0, "genres": ["Thriller"], "id": 205588, "release_date": "2016-05-05", "revenue": 9930095, "runtime": 108, "title": "Our Kind of Traitor"}, {"belongs_to_collection": true, "budget": 0, "genres": ["Action", "Thriller", "Adventure"], "id": 370172, "release_date": "2020-04-03", "revenue": 0, "runtime": null, "title": "No Time To Die"}, {"belongs_to_collection": false, "budget": 60000000, "genres": ["Action", "Comedy", "Crime", "Drama"], "id": 10589, "release_date": "2004-11-12", "revenue": 61347797, "runtime": 97, "title": "After the Sunset"}, {"belongs_to_collection": false, "budget": 40000000, "genres": ["Action", "Crime", "Thriller", "Mystery"], "id": 22832, "release_date": "2009-09-29", "revenue": 60462347, "runtime": 99, "title": "Ninja Assassin"}, {"belongs_to_collection": false, "budget": 35000000, "genres": ["Drama", "History"], "id": 192136, "release_date": "2013-12-06", "revenue": 27330000, "runtime": 141, "title": "Mandela: Long Walk to Freedom"}, {"belongs_to_collection": false, "budget": 135000000, "genres": ["Action", "Adventure", "Crime", "Thriller"], "id": 82, "release_date": "2006-07-27", "revenue": 163794509, "runtime": 132, "title": "Miami Vice"}, {"belongs_to_collection": false, "budget": 0, "genres": ["Comedy"], "id": 8435, "release_date": "2005-07-17", "revenue": 0, "runtime": 94, "title": "A Cock and Bull Story"}, {"belongs_to_collection": false, "budget": 2000000, "genres": ["Drama"], "id": 37234, "release_date": "2010-01-08", "revenue": 0, "runtime": 115, "title": "Sex & Drugs & Rock & Roll"}, {"belongs_to_collection": false, "budget": 0, "genres": ["Drama", "Mystery", "Thriller", "Horror"], "id": 20357, "release_date": "2004-09-17", "revenue": 0, "runtime": 94, "title": "Trauma"}]}, "Garcelle Beauvais": {"id": 31647, "results": [{"belongs_to_collection": true, "budget": 175000000, "genres": ["Action", "Adventure", "Science Fiction", "Drama"], "id": 315635, "release_date": "2017-07-05", "revenue": 880166924, "runtime": 133, "title": "Spider-Man: Homecoming"}, {"belongs_to_collection": false, "budget": 150000000, "genres": ["Action", "Drama", "Thriller"], "id": 117251, "release_date": "2013-06-27", "revenue": 205366737, "runtime": 131, "title": "White House Down"}, {"belongs_to_collection": false, "budget": 70000000, "genres": ["Action", "Adventure", "Comedy", "Thriller"], "id": 3132, "release_date": "2002-06-07", "revenue": 65977295, "runtime": 116, "title": "Bad Company"}, {"belongs_to_collection": false, "budget": 39000000, "genres": ["Comedy", "Romance"], "id": 9602, "release_date": "1988-06-29", "revenue": 288752301, "runtime": 116, "title": "Coming to America"}, {"belongs_to_collection": false, "budget": 31000000, "genres": ["Drama"], "id": 87502, "release_date": "2012-11-02", "revenue": 161772375, "runtime": 138, "title": "Flight"}, {"belongs_to_collection": false, "budget": 170000000, "genres": ["Action", "Adventure", "Comedy", "Science Fiction", "Western"], "id": 8487, "release_date": "1999-06-29", "revenue": 222104681, "runtime": 106, "title": "Wild Wild West"}, {"belongs_to_collection": true, "budget": 20000000, "genres": ["Comedy"], "id": 326423, "release_date": "2016-04-15", "revenue": 55030051, "runtime": 112, "title": "Barbershop: The Next Cut"}, {"belongs_to_collection": true, "budget": 18000000, "genres": ["Comedy", "Drama"], "id": 21301, "release_date": "2004-01-20", "revenue": 65070412, "runtime": 106, "title": "Barbershop 2:  Back in Business"}, {"belongs_to_collection": false, "budget": 12000000, "genres": ["Crime", "Horror", "Mystery", "Thriller"], "id": 5857, "release_date": "2007-07-27", "revenue": 9620399, "runtime": 105, "title": "I Know Who Killed Me"}, {"belongs_to_collection": false, "budget": 0, "genres": ["Thriller", "Romance", "Drama"], "id": 412105, "release_date": "2017-06-19", "revenue": 0, "runtime": 89, "title": "You Get Me"}, {"belongs_to_collection": true, "budget": 3000000, "genres": ["Comedy", "Drama"], "id": 31723, "release_date": "2009-11-13", "revenue": 18097, "runtime": 92, "title": "Women in Trouble"}, {"belongs_to_collection": false, "budget": 0, "genres": ["Adventure", "Drama", "Action", "Comedy", "Romance"], "id": 18828, "release_date": "2001-01-12", "revenue": 0, "runtime": 88, "title": "Double Take"}, {"belongs_to_collection": false, "budget": 0, "genres": ["Drama", "Comedy"], "id": 249266, "release_date": "2014-04-18", "revenue": 0, "runtime": 95, "title": "Small Time"}, {"belongs_to_collection": false, "budget": 0, "genres": [], "id": 255496, "release_date": "2013-10-19", "revenue": 0, "runtime": 99, "title": "And Then There Was You"}, {"belongs_to_collection": false, "budget": 0, "genres": ["TV Movie", "Comedy", "Drama"], "id": 55734, "release_date": "2002-12-18", "revenue": 0, "runtime": 100, "title": "Second String"}, {"belongs_to_collection": false, "budget": 0, "genres": [], "id": 132080, "release_date": "2012-09-04", "revenue": 0, "runtime": 98, "title": "Suddenly Single"}, {"belongs_to_collection": false, "budget": 0, "genres": ["Comedy"], "id": 484718, "release_date": "2020-12-16", "revenue": 0, "runtime": null, "title": "Coming 2 America"}, {"belongs_to_collection": false, "budget": 1, "genres": ["Drama", "Comedy"], "id": 290282, "release_date": "2014-08-30", "revenue": 0, "runtime": 105, "title": "Girlfriends' Getaway"}, {"belongs_to_collection": false, "budget": 0, "genres": ["Drama"], "id": 361588, "release_date": "2015-06-12", "revenue": 0, "runtime": 93, "title": "A Girl Like Grace"}, {"belongs_to_collection": false, "budget": 0, "genres": ["Drama"], "id": 325896, "release_date": "2015-02-14", "revenue": 0, "runtime": null, "title": "Back to School Mom"}]}, "Aisha Tyler": {"id": 38674, "results": [{"belongs_to_collection": false, "budget": 80000000, "genres": ["Fantasy", "Comedy", "Family", "Romance"], "id": 10202, "release_date": "2008-12-24", "revenue": 212874442, "runtime": 99, "title": "Bedtime Stories"}, {"belongs_to_collection": true, "budget": 65000000, "genres": ["Fantasy", "Comedy", "Family"], "id": 9021, "release_date": "2002-10-31", "revenue": 172842355, "runtime": 104, "title": "The Santa Clause 2"}, {"belongs_to_collection": true, "budget": 12000000, "genres": ["Comedy", "Family", "Adventure"], "id": 13767, "release_date": "2006-11-01", "revenue": 84500122, "runtime": 98, "title": "The Santa Clause 3: The Escape Clause"}, {"belongs_to_collection": false, "budget": 20000000, "genres": ["Action", "Crime", "Drama", "Thriller"], "id": 11835, "release_date": "2007-08-31", "revenue": 16974459, "runtime": 105, "title": "Death Sentence"}, {"belongs_to_collection": false, "budget": 5000000, "genres": ["Drama", "Crime", "Thriller"], "id": 14062, "release_date": "2006-11-30", "revenue": 0, "runtime": 101, "title": ".45"}, {"belongs_to_collection": false, "budget": 0, "genres": ["Comedy"], "id": 98066, "release_date": "2012-08-03", "revenue": 0, "runtime": 98, "title": "The Babymakers"}, {"belongs_to_collection": false, "budget": 0, "genres": ["Comedy", "Crime"], "id": 9750, "release_date": "2007-08-29", "revenue": 41098065, "runtime": 90, "title": "Balls of Fury"}, {"belongs_to_collection": false, "budget": 3000000, "genres": ["Action", "Crime", "Drama", "Thriller"], "id": 20304, "release_date": "2004-03-26", "revenue": 5923000, "runtime": 88, "title": "Never Die Alone"}, {"belongs_to_collection": false, "budget": 0, "genres": ["Comedy", "Romance"], "id": 20430, "release_date": "2004-01-29", "revenue": 0, "runtime": 78, "title": "Meet Market"}, {"belongs_to_collection": false, "budget": 0, "genres": ["TV Movie", "Drama"], "id": 212067, "release_date": "2006-02-05", "revenue": 0, "runtime": 90, "title": "For One Night"}, {"belongs_to_collection": false, "budget": 0, "genres": ["Comedy", "Documentary"], "id": 26812, "release_date": "2008-02-28", "revenue": 0, "runtime": 120, "title": "History of the Joke"}, {"belongs_to_collection": false, "budget": 0, "genres": ["Comedy"], "id": 524840, "release_date": "", "revenue": 0, "runtime": null, "title": "Friendsgiving"}, {"belongs_to_collection": false, "budget": 0, "genres": ["Drama", "Crime"], "id": 310706, "release_date": "2009-05-13", "revenue": 0, "runtime": 100, "title": "Black Water Transit"}, {"belongs_to_collection": false, "budget": 0, "genres": ["Drama", "Thriller"], "id": 392524, "release_date": "2017-04-07", "revenue": 0, "runtime": 90, "title": "Axis"}, {"belongs_to_collection": false, "budget": 0, "genres": ["Comedy"], "id": 306367, "release_date": "2014-11-27", "revenue": 0, "runtime": 60, "title": "Comedy Central's All-Star Non-Denominational Christmas Special"}, {"belongs_to_collection": false, "budget": 0, "genres": ["Drama", "Thriller"], "id": 4635, "release_date": "2007-10-09", "revenue": 0, "runtime": 20, "title": "The Trap"}, {"belongs_to_collection": false, "budget": 0, "genres": ["Documentary"], "id": 327746, "release_date": "2016-11-17", "revenue": 0, "runtime": 106, "title": "Ear Buds: The Podcasting Documentary"}, {"belongs_to_collection": false, "budget": 0, "genres": ["Comedy"], "id": 323028, "release_date": "2015-02-20", "revenue": 0, "runtime": 73, "title": "Adventures in Comedy"}, {"belongs_to_collection": false, "budget": 0, "genres": ["Documentary", "Comedy"], "id": 184159, "release_date": "2013-03-21", "revenue": 0, "runtime": 86, "title": "Why We Laugh: Funny Women"}, {"belongs_to_collection": false, "budget": 0, "genres": ["Music", "Documentary"], "id": 273365, "release_date": "2005-03-22", "revenue": 0, "runtime": 100, "title": "Kanye West: College Dropout - Video Anthology"}]}, "Bianca Lawson": {"id": 36068, "results": [{"belongs_to_collection": true, "budget": 13000000, "genres": ["Drama", "Family", "Romance", "Music"], "id": 9816, "release_date": "2001-01-12", "revenue": 91038276, "runtime": 112, "title": "Save the Last Dance"}, {"belongs_to_collection": false, "budget": 500000, "genres": ["Comedy", "Horror"], "id": 21838, "release_date": "2004-03-16", "revenue": 0, "runtime": 88, "title": "Dead & Breakfast"}, {"belongs_to_collection": false, "budget": 8300000, "genres": ["Comedy"], "id": 19213, "release_date": "2006-12-01", "revenue": 0, "runtime": 91, "title": "Pledge This!"}, {"belongs_to_collection": false, "budget": 10000000, "genres": ["Action", "Horror", "Thriller"], "id": 11380, "release_date": "2001-10-24", "revenue": 7316658, "runtime": 96, "title": "Bones"}, {"belongs_to_collection": false, "budget": 0, "genres": ["Horror"], "id": 4290, "release_date": "2007-07-14", "revenue": 0, "runtime": 91, "title": "Supergator"}, {"belongs_to_collection": false, "budget": 0, "genres": ["Thriller"], "id": 20786, "release_date": "2006-11-04", "revenue": 0, "runtime": 97, "title": "Broken"}, {"belongs_to_collection": false, "budget": 0, "genres": ["Comedy", "Horror"], "id": 3152, "release_date": "2000-02-25", "revenue": 0, "runtime": 92, "title": "Big Monster on Campus"}, {"belongs_to_collection": false, "budget": 0, "genres": ["Drama"], "id": 60524, "release_date": "2010-02-02", "revenue": 0, "runtime": 90, "title": "Don't Fade Away"}, {"belongs_to_collection": false, "budget": 0, "genres": ["Drama", "Western"], "id": 229128, "release_date": "2004-11-17", "revenue": 0, "runtime": 94, "title": "The Pavilion"}, {"belongs_to_collection": false, "budget": 0, "genres": ["Romance", "Drama"], "id": 74946, "release_date": "2001-11-11", "revenue": 0, "runtime": 213, "title": "Feast of All Saints"}, {"belongs_to_collection": false, "budget": 0, "genres": ["TV Movie", "Thriller", "Drama", "Mystery"], "id": 256596, "release_date": "2014-01-01", "revenue": 0, "runtime": 84, "title": "House of Secrets"}]}, "Lauren London": {"id": 98772, "results": [{"belongs_to_collection": false, "budget": 18000000, "genres": ["Comedy", "Romance"], "id": 19840, "release_date": "2009-07-10", "revenue": 15345201, "runtime": 102, "title": "I Love You, Beth Cooper"}, {"belongs_to_collection": false, "budget": 8500000, "genres": ["Comedy"], "id": 175528, "release_date": "2013-09-27", "revenue": 22456509, "runtime": 96, "title": "Baggage Claim"}, {"belongs_to_collection": true, "budget": 25000000, "genres": ["Comedy", "Drama"], "id": 51017, "release_date": "2011-04-22", "revenue": 53213633, "runtime": 106, "title": "Madea's Big Happy Family"}, {"belongs_to_collection": false, "budget": 20000000, "genres": ["Drama", "Comedy", "Mystery"], "id": 13960, "release_date": "2006-03-31", "revenue": 21170563, "runtime": 105, "title": "ATL"}, {"belongs_to_collection": false, "budget": 13000000, "genres": ["Comedy", "Drama", "Romance"], "id": 15250, "release_date": "2007-11-27", "revenue": 0, "runtime": 117, "title": "This Christmas"}, {"belongs_to_collection": false, "budget": 0, "genres": ["Comedy", "Romance"], "id": 378200, "release_date": "2016-03-11", "revenue": 0, "runtime": 96, "title": "The Perfect Match"}, {"belongs_to_collection": false, "budget": 0, "genres": ["Romance", "TV Movie"], "id": 542602, "release_date": "2018-11-23", "revenue": 0, "runtime": 87, "title": "Poinsettias for Christmas"}, {"belongs_to_collection": false, "budget": 0, "genres": ["Comedy", "Documentary"], "id": 22800, "release_date": "2009-10-09", "revenue": 0, "runtime": 95, "title": "Good Hair"}, {"belongs_to_collection": false, "budget": 0, "genres": ["Action", "Comedy", "Crime"], "id": 18065, "release_date": "2009-02-06", "revenue": 0, "runtime": 84, "title": "Next Day Air"}, {"belongs_to_collection": false, "budget": 0, "genres": [], "id": 530789, "release_date": "", "revenue": 0, "runtime": null, "title": "Always & 4Ever"}]}, "Vivica A. Fox": {"id": 2535, "results": [{"belongs_to_collection": true, "budget": 75000000, "genres": ["Action", "Adventure", "Science Fiction"], "id": 602, "release_date": "1996-06-25", "revenue": 817400891, "runtime": 145, "title": "Independence Day"}, {"belongs_to_collection": true, "budget": 30000000, "genres": ["Action", "Crime"], "id": 24, "release_date": "2003-10-10", "revenue": 180949045, "runtime": 111, "title": "Kill Bill: Vol. 1"}, {"belongs_to_collection": true, "budget": 30000000, "genres": ["Action", "Crime", "Thriller"], "id": 393, "release_date": "2004-04-16", "revenue": 152159461, "runtime": 136, "title": "Kill Bill: Vol. 2"}, {"belongs_to_collection": true, "budget": 125000000, "genres": ["Science Fiction", "Action", "Fantasy", "Comedy"], "id": 415, "release_date": "1997-06-20", "revenue": 238207122, "runtime": 125, "title": "Batman & Robin"}, {"belongs_to_collection": true, "budget": 165000000, "genres": ["Action", "Adventure", "Science Fiction"], "id": 47933, "release_date": "2016-06-22", "revenue": 389681935, "runtime": 120, "title": "Independence Day: Resurgence"}, {"belongs_to_collection": false, "budget": 30000000, "genres": ["Crime", "Action"], "id": 414419, "release_date": "2011-03-28", "revenue": 0, "runtime": 247, "title": "Kill Bill: The Whole Bloody Affair"}, {"belongs_to_collection": false, "budget": 0, "genres": ["Western", "Action", "Thriller"], "id": 362046, "release_date": "2015-09-11", "revenue": 0, "runtime": 84, "title": "4Got10"}, {"belongs_to_collection": false, "budget": 14000000, "genres": ["Drama", "War"], "id": 2604, "release_date": "1989-12-20", "revenue": 161001698, "runtime": 145, "title": "Born on the Fourth of July"}, {"belongs_to_collection": false, "budget": 20000000, "genres": ["Comedy"], "id": 9557, "release_date": "2002-10-01", "revenue": 8586376, "runtime": 94, "title": "Boat Trip"}, {"belongs_to_collection": false, "budget": 31000000, "genres": ["Family", "Fantasy", "Comedy"], "id": 14442, "release_date": "2004-04-09", "revenue": 27388767, "runtime": 96, "title": "Ella Enchanted"}, {"belongs_to_collection": false, "budget": 13000000, "genres": ["Comedy", "Crime"], "id": 10342, "release_date": "1999-08-11", "revenue": 8946237, "runtime": 96, "title": "Teaching Mrs. Tingle"}, {"belongs_to_collection": false, "budget": 0, "genres": ["Comedy"], "id": 10607, "release_date": "1996-01-12", "revenue": 0, "runtime": 89, "title": "Don't Be a Menace to South Central While Drinking Your Juice in the Hood"}, {"belongs_to_collection": false, "budget": 9000000, "genres": ["Crime", "Drama", "Thriller"], "id": 9400, "release_date": "1996-11-06", "revenue": 41590886, "runtime": 123, "title": "Set It Off"}, {"belongs_to_collection": true, "budget": 0, "genres": ["Comedy", "Romance"], "id": 467248, "release_date": "2017-08-29", "revenue": 0, "runtime": 95, "title": "Bring It On: Worldwide #Cheersmack"}, {"belongs_to_collection": false, "budget": 25000000, "genres": ["Thriller", "Comedy", "Horror"], "id": 6552, "release_date": "1999-04-30", "revenue": 4152230, "runtime": 92, "title": "Idle Hands"}, {"belongs_to_collection": false, "budget": 0, "genres": ["Action", "Adventure", "Romance", "Thriller"], "id": 9924, "release_date": "2006-08-15", "revenue": 0, "runtime": 110, "title": "The Hard Corps"}, {"belongs_to_collection": false, "budget": 0, "genres": ["Romance", "Family"], "id": 550385, "release_date": "2018-11-01", "revenue": 0, "runtime": 90, "title": "Christmas with a View"}, {"belongs_to_collection": true, "budget": 0, "genres": ["Science Fiction", "Action", "Adventure", "Comedy", "TV Movie"], "id": 523849, "release_date": "2018-08-23", "revenue": 0, "runtime": 86, "title": "The Last Sharknado: It's About Time"}, {"belongs_to_collection": true, "budget": 0, "genres": ["TV Movie", "Action", "Adventure", "Animation", "Family"], "id": 51786, "release_date": "2003-11-28", "revenue": 0, "runtime": 66, "title": "Kim Possible: A Sitch In Time"}, {"belongs_to_collection": false, "budget": 0, "genres": ["Comedy"], "id": 34423, "release_date": "2009-01-17", "revenue": 0, "runtime": 90, "title": "The Slammin' Salmon"}]}, "Paula Patton": {"id": 52851, "results": [{"belongs_to_collection": false, "budget": 160000000, "genres": ["Action", "Adventure", "Fantasy"], "id": 68735, "release_date": "2016-05-25", "revenue": 433677183, "runtime": 123, "title": "Warcraft"}, {"belongs_to_collection": true, "budget": 145000000, "genres": ["Action", "Thriller", "Adventure"], "id": 56292, "release_date": "2011-12-07", "revenue": 694713380, "runtime": 133, "title": "Mission: Impossible - Ghost Protocol"}, {"belongs_to_collection": false, "budget": 61000000, "genres": ["Action", "Comedy", "Crime"], "id": 136400, "release_date": "2013-08-02", "revenue": 131940411, "runtime": 109, "title": "2 Guns"}, {"belongs_to_collection": true, "budget": 35000000, "genres": ["Horror", "Mystery", "Thriller", "Drama"], "id": 13515, "release_date": "2008-08-15", "revenue": 72436439, "runtime": 110, "title": "Mirrors"}, {"belongs_to_collection": false, "budget": 75000000, "genres": ["Action", "Thriller", "Science Fiction"], "id": 7551, "release_date": "2006-11-22", "revenue": 180557550, "runtime": 126, "title": "D\u00e9j\u00e0 Vu"}, {"belongs_to_collection": false, "budget": 4000000, "genres": ["Thriller", "Horror"], "id": 473149, "release_date": "2018-04-20", "revenue": 5132274, "runtime": 96, "title": "Traffik"}, {"belongs_to_collection": false, "budget": 70000000, "genres": ["Comedy", "Drama", "Romance"], "id": 8488, "release_date": "2005-02-11", "revenue": 368100420, "runtime": 118, "title": "Hitch"}, {"belongs_to_collection": false, "budget": 10000000, "genres": ["Drama", "Thriller"], "id": 127517, "release_date": "2012-09-11", "revenue": 3428048, "runtime": 115, "title": "Disconnect"}, {"belongs_to_collection": false, "budget": 0, "genres": ["Drama", "Action", "Romance"], "id": 7515, "release_date": "2005-02-10", "revenue": 0, "runtime": 92, "title": "London"}, {"belongs_to_collection": false, "budget": 0, "genres": ["Action", "Adventure", "Comedy"], "id": 389053, "release_date": "2016-05-27", "revenue": 0, "runtime": 109, "title": "The Do-Over"}, {"belongs_to_collection": false, "budget": 10000000, "genres": ["Drama"], "id": 25793, "release_date": "2009-11-06", "revenue": 47536959, "runtime": 110, "title": "Precious"}, {"belongs_to_collection": false, "budget": 0, "genres": ["Comedy", "Drama", "Romance"], "id": 38093, "release_date": "2010-05-14", "revenue": 21520719, "runtime": 100, "title": "Just Wright"}, {"belongs_to_collection": false, "budget": 8500000, "genres": ["Comedy"], "id": 175528, "release_date": "2013-09-27", "revenue": 22456509, "runtime": 96, "title": "Baggage Claim"}, {"belongs_to_collection": false, "budget": 12500000, "genres": ["Comedy", "Romance"], "id": 222899, "release_date": "2014-02-14", "revenue": 49002684, "runtime": 100, "title": "About Last Night"}, {"belongs_to_collection": false, "budget": 21000000, "genres": ["Drama", "Comedy"], "id": 10187, "release_date": "2008-08-01", "revenue": 17600000, "runtime": 120, "title": "Swing Vote"}, {"belongs_to_collection": false, "budget": 6600000, "genres": ["Comedy"], "id": 57119, "release_date": "2011-05-06", "revenue": 37710610, "runtime": 112, "title": "Jumping the Broom"}, {"belongs_to_collection": false, "budget": 0, "genres": ["Comedy", "Romance"], "id": 378200, "release_date": "2016-03-11", "revenue": 0, "runtime": 96, "title": "The Perfect Match"}, {"belongs_to_collection": false, "budget": 0, "genres": ["Crime", "Drama", "Music"], "id": 13816, "release_date": "2006-08-25", "revenue": 0, "runtime": 121, "title": "Idlewild"}, {"belongs_to_collection": false, "budget": 0, "genres": ["Family", "Fantasy"], "id": 555457, "release_date": "2018-10-11", "revenue": 0, "runtime": null, "title": "Four Kids and It"}, {"belongs_to_collection": false, "budget": 0, "genres": [], "id": 426591, "release_date": "2016-11-17", "revenue": 0, "runtime": 12, "title": "Past Forward"}]}, "Stacey Dash": {"id": 58150, "results": [{"belongs_to_collection": false, "budget": 24000000, "genres": ["Comedy", "Drama", "Romance"], "id": 15019, "release_date": "2007-05-11", "revenue": 9576495, "runtime": 97, "title": "I Could Never Be Your Woman"}, {"belongs_to_collection": false, "budget": 12000000, "genres": ["Comedy", "Romance"], "id": 9603, "release_date": "1995-07-19", "revenue": 56631572, "runtime": 97, "title": "Clueless"}, {"belongs_to_collection": false, "budget": 40000000, "genres": ["Comedy", "War"], "id": 11858, "release_date": "1994-06-03", "revenue": 24332324, "runtime": 128, "title": "Renaissance Man"}, {"belongs_to_collection": false, "budget": 0, "genres": ["Comedy", "Romance"], "id": 11523, "release_date": "2003-03-21", "revenue": 15614000, "runtime": 87, "title": "View from the Top"}, {"belongs_to_collection": true, "budget": 0, "genres": ["Thriller", "Drama"], "id": 419639, "release_date": "2016-10-12", "revenue": 0, "runtime": 90, "title": "The Thinning"}, {"belongs_to_collection": true, "budget": 0, "genres": ["Comedy", "Horror", "Science Fiction"], "id": 390989, "release_date": "2016-07-31", "revenue": 0, "runtime": 85, "title": "Sharknado 4: The 4th Awakens"}, {"belongs_to_collection": false, "budget": 17000000, "genres": ["Action", "Comedy", "Thriller", "Crime", "Romance"], "id": 12251, "release_date": "1992-07-24", "revenue": 40227006, "runtime": 97, "title": "Mo' Money"}, {"belongs_to_collection": false, "budget": 0, "genres": ["Comedy"], "id": 29739, "release_date": "1988-03-04", "revenue": 0, "runtime": 89, "title": "Moving"}, {"belongs_to_collection": false, "budget": 0, "genres": ["Action", "Comedy", "Thriller", "Crime", "Music", "Romance"], "id": 72790, "release_date": "2003-11-04", "revenue": 0, "runtime": 84, "title": "Ride or Die"}, {"belongs_to_collection": false, "budget": 0, "genres": ["Drama"], "id": 304336, "release_date": "2014-12-05", "revenue": 0, "runtime": 100, "title": "Lap Dance"}, {"belongs_to_collection": false, "budget": 0, "genres": ["Action", "Drama", "Thriller"], "id": 121138, "release_date": "1995-08-28", "revenue": 0, "runtime": 91, "title": "Illegal in Blue"}, {"belongs_to_collection": false, "budget": 0, "genres": ["Action", "Crime", "Drama", "Thriller"], "id": 100269, "release_date": "1987-05-22", "revenue": 197791, "runtime": 89, "title": "Enemy Territory"}, {"belongs_to_collection": false, "budget": 0, "genres": ["Romance", "TV Movie"], "id": 317120, "release_date": "2015-02-14", "revenue": 0, "runtime": null, "title": "Cloudy With a Chance of Love"}, {"belongs_to_collection": false, "budget": 0, "genres": ["Action"], "id": 492684, "release_date": "2018-02-16", "revenue": 0, "runtime": 85, "title": "Honor Up"}, {"belongs_to_collection": false, "budget": 1800000, "genres": ["Comedy", "Romance"], "id": 98557, "release_date": "2012-02-03", "revenue": 0, "runtime": 101, "title": "Dysfunctional Friends"}, {"belongs_to_collection": false, "budget": 0, "genres": ["Comedy", "Romance"], "id": 18307, "release_date": "2005-12-10", "revenue": 0, "runtime": 81, "title": "Getting Played"}, {"belongs_to_collection": false, "budget": 0, "genres": ["Drama"], "id": 18571, "release_date": "2009-01-01", "revenue": 0, "runtime": 105, "title": "Phantom Punch"}, {"belongs_to_collection": false, "budget": 0, "genres": ["Thriller"], "id": 41555, "release_date": "2007-01-01", "revenue": 0, "runtime": null, "title": "Ghost Image"}, {"belongs_to_collection": false, "budget": 0, "genres": ["Crime", "Thriller", "Drama"], "id": 119213, "release_date": "1997-11-07", "revenue": 0, "runtime": 96, "title": "Cold Around the Heart"}, {"belongs_to_collection": false, "budget": 0, "genres": ["Crime", "Drama"], "id": 244048, "release_date": "1991-10-12", "revenue": 0, "runtime": 105, "title": "Tennessee Nights"}]}, "Gabrielle Union": {"id": 17773, "results": [{"belongs_to_collection": false, "budget": 16000000, "genres": ["Comedy", "Romance", "Drama"], "id": 4951, "release_date": "1999-03-30", "revenue": 53478166, "runtime": 97, "title": "10 Things I Hate About You"}, {"belongs_to_collection": false, "budget": 30000000, "genres": ["Action", "Crime", "Thriller"], "id": 324542, "release_date": "2017-01-12", "revenue": 32540674, "runtime": 95, "title": "Sleepless"}, {"belongs_to_collection": false, "budget": 25000000, "genres": ["Action", "Crime", "Drama"], "id": 10623, "release_date": "2003-02-28", "revenue": 56489558, "runtime": 101, "title": "Cradle 2 the Grave"}, {"belongs_to_collection": true, "budget": 130000000, "genres": ["Adventure", "Action", "Comedy", "Thriller", "Crime"], "id": 8961, "release_date": "2003-07-18", "revenue": 273339556, "runtime": 147, "title": "Bad Boys II"}, {"belongs_to_collection": false, "budget": 6000000, "genres": ["Thriller", "Crime", "Action"], "id": 497814, "release_date": "2018-05-05", "revenue": 49078000, "runtime": 88, "title": "Breaking In"}, {"belongs_to_collection": false, "budget": 60000000, "genres": ["Comedy", "Science Fiction", "Adventure", "Family"], "id": 11260, "release_date": "2008-07-08", "revenue": 50650079, "runtime": 90, "title": "Meet Dave"}, {"belongs_to_collection": true, "budget": 24000000, "genres": ["Comedy", "Romance"], "id": 184098, "release_date": "2014-06-20", "revenue": 70181428, "runtime": 105, "title": "Think Like a Man Too"}, {"belongs_to_collection": false, "budget": 0, "genres": ["Drama", "Comedy"], "id": 284296, "release_date": "2014-12-12", "revenue": 25434291, "runtime": 102, "title": "Top Five"}, {"belongs_to_collection": true, "budget": 12000000, "genres": ["Comedy", "Romance"], "id": 67660, "release_date": "2012-04-16", "revenue": 96070507, "runtime": 122, "title": "Think Like a Man"}, {"belongs_to_collection": false, "budget": 12000000, "genres": ["Drama", "Comedy"], "id": 7510, "release_date": "2006-10-27", "revenue": 6754898, "runtime": 116, "title": "Running with Scissors"}, {"belongs_to_collection": false, "budget": 10000000, "genres": ["Comedy", "Romance"], "id": 10314, "release_date": "1999-01-29", "revenue": 103166989, "runtime": 95, "title": "She's All That"}, {"belongs_to_collection": false, "budget": 8500000, "genres": ["Drama"], "id": 339408, "release_date": "2016-09-09", "revenue": 15861566, "runtime": 120, "title": "The Birth of a Nation"}, {"belongs_to_collection": false, "budget": 12000000, "genres": ["Drama", "History", "Music"], "id": 14299, "release_date": "2008-12-05", "revenue": 8880045, "runtime": 109, "title": "Cadillac Records"}, {"belongs_to_collection": false, "budget": 20000000, "genres": ["Action", "Comedy", "Drama", "Romance"], "id": 14736, "release_date": "2000-04-21", "revenue": 27728118, "runtime": 124, "title": "Love & Basketball"}, {"belongs_to_collection": false, "budget": 250, "genres": ["TV Movie", "Animation", "Family"], "id": 359983, "release_date": "2015-11-22", "revenue": 27, "runtime": 44, "title": "The Lion Guard: Return of the Roar"}, {"belongs_to_collection": false, "budget": 25000000, "genres": ["Drama", "Mystery", "Thriller"], "id": 15992, "release_date": "2002-10-14", "revenue": 10719357, "runtime": 99, "title": "Abandon"}, {"belongs_to_collection": false, "budget": 1200000, "genres": ["Comedy"], "id": 9260, "release_date": "2002-05-24", "revenue": 0, "runtime": 86, "title": "Welcome to Collinwood"}, {"belongs_to_collection": true, "budget": 28000000, "genres": ["Comedy"], "id": 1588, "release_date": "2000-08-25", "revenue": 90449929, "runtime": 98, "title": "Bring It On"}, {"belongs_to_collection": false, "budget": 6000000, "genres": ["Comedy", "Romance"], "id": 25462, "release_date": "2001-09-07", "revenue": 0, "runtime": 90, "title": "Two Can Play That Game"}, {"belongs_to_collection": false, "budget": 10000000, "genres": ["Comedy", "Drama", "Romance"], "id": 16555, "release_date": "2007-02-14", "revenue": 31609243, "runtime": 100, "title": "Daddy's Little Girls"}]}, "Nia Long": {"id": 9781, "results": [{"belongs_to_collection": false, "budget": 0, "genres": ["Thriller", "Horror", "Adventure"], "id": 480105, "release_date": "2019-08-15", "revenue": 0, "runtime": 89, "title": "47 Meters Down: Uncaged"}, {"belongs_to_collection": false, "budget": 22000000, "genres": ["Comedy"], "id": 12121, "release_date": "1993-05-27", "revenue": 0, "runtime": 111, "title": "Made in America"}, {"belongs_to_collection": true, "budget": 30000000, "genres": ["Crime", "Comedy"], "id": 9600, "release_date": "2000-05-31", "revenue": 173959438, "runtime": 98, "title": "Big Momma's House"}, {"belongs_to_collection": false, "budget": 26000000, "genres": ["Crime", "Drama", "Thriller"], "id": 14181, "release_date": "2000-02-18", "revenue": 28780255, "runtime": 118, "title": "Boiler Room"}, {"belongs_to_collection": false, "budget": 15000000, "genres": ["Action", "Comedy"], "id": 342521, "release_date": "2016-04-21", "revenue": 20609977, "runtime": 99, "title": "Keanu"}, {"belongs_to_collection": false, "budget": 29000000, "genres": ["Horror", "Thriller"], "id": 10307, "release_date": "1999-09-10", "revenue": 50041732, "runtime": 103, "title": "Stigmata"}, {"belongs_to_collection": true, "budget": 32000000, "genres": ["Adventure", "Comedy", "Family", "Romance"], "id": 11637, "release_date": "2005-01-20", "revenue": 97918663, "runtime": 95, "title": "Are We There Yet?"}, {"belongs_to_collection": true, "budget": 40000000, "genres": ["Comedy", "Crime"], "id": 11565, "release_date": "2006-01-26", "revenue": 138259062, "runtime": 99, "title": "Big Momma's House 2"}, {"belongs_to_collection": true, "budget": 3500000, "genres": ["Comedy"], "id": 10634, "release_date": "1995-04-26", "revenue": 28215918, "runtime": 91, "title": "Friday"}, {"belongs_to_collection": true, "budget": 0, "genres": ["Comedy", "Family"], "id": 10172, "release_date": "2007-04-04", "revenue": 58400000, "runtime": 92, "title": "Are We Done Yet?"}, {"belongs_to_collection": false, "budget": 20000000, "genres": ["Thriller", "Drama", "Mystery"], "id": 9963, "release_date": "2007-02-08", "revenue": 84146832, "runtime": 96, "title": "Premonition"}, {"belongs_to_collection": false, "budget": 6500000, "genres": ["Crime", "Drama"], "id": 650, "release_date": "1991-07-12", "revenue": 57504069, "runtime": 112, "title": "Boyz n the Hood"}, {"belongs_to_collection": false, "budget": 60000000, "genres": ["Comedy"], "id": 8849, "release_date": "2004-10-22", "revenue": 13395939, "runtime": 103, "title": "Alfie"}, {"belongs_to_collection": true, "budget": 17000000, "genres": ["Comedy"], "id": 146304, "release_date": "2013-11-15", "revenue": 71625195, "runtime": 123, "title": "The Best Man Holiday"}, {"belongs_to_collection": false, "budget": 7000000, "genres": ["Drama", "Action", "Thriller", "Crime"], "id": 22314, "release_date": "1999-08-25", "revenue": 14011454, "runtime": 95, "title": "In Too Deep"}, {"belongs_to_collection": true, "budget": 0, "genres": ["Romance", "Drama"], "id": 28031, "release_date": "2000-03-05", "revenue": 0, "runtime": 96, "title": "If These Walls Could Talk 2"}, {"belongs_to_collection": false, "budget": 0, "genres": ["Drama", "Comedy"], "id": 239562, "release_date": "2014-03-14", "revenue": 16337881, "runtime": 111, "title": "The Single Moms Club"}, {"belongs_to_collection": false, "budget": 0, "genres": ["Comedy", "Drama"], "id": 29461, "release_date": "1997-09-26", "revenue": 0, "runtime": 114, "title": "Soul Food"}, {"belongs_to_collection": false, "budget": 0, "genres": ["Drama"], "id": 426257, "release_date": "2017-01-22", "revenue": 0, "runtime": 98, "title": "Roxanne, Roxanne"}, {"belongs_to_collection": true, "budget": 9000000, "genres": ["Drama", "Comedy"], "id": 16162, "release_date": "1999-10-22", "revenue": 34573780, "runtime": 120, "title": "The Best Man"}]}, "Lena Horne": {"id": 92900, "results": [{"belongs_to_collection": false, "budget": 24000000, "genres": ["Adventure", "Family", "Fantasy", "Music"], "id": 24961, "release_date": "1978-10-24", "revenue": 21049053, "runtime": 134, "title": "The Wiz"}, {"belongs_to_collection": false, "budget": 0, "genres": ["Music"], "id": 18700, "release_date": "1946-12-05", "revenue": 0, "runtime": 132, "title": "Till the Clouds Roll By"}, {"belongs_to_collection": false, "budget": 0, "genres": ["Comedy", "Music"], "id": 43176, "release_date": "1945-08-13", "revenue": 0, "runtime": 110, "title": "Ziegfeld Follies"}, {"belongs_to_collection": true, "budget": 0, "genres": ["Documentary", "Family", "Music"], "id": 74719, "release_date": "1976-05-17", "revenue": 0, "runtime": 126, "title": "That's Entertainment, Part II"}, {"belongs_to_collection": true, "budget": 0, "genres": ["Documentary", "Family", "Music"], "id": 33740, "release_date": "1974-06-21", "revenue": 0, "runtime": 135, "title": "That's Entertainment!"}, {"belongs_to_collection": false, "budget": 0, "genres": ["Comedy", "Drama", "Romance", "Music"], "id": 43518, "release_date": "1943-01-01", "revenue": 0, "runtime": 125, "title": "Thousands Cheer"}, {"belongs_to_collection": false, "budget": 0, "genres": ["Western"], "id": 74333, "release_date": "1969-04-04", "revenue": 0, "runtime": 100, "title": "Death of a Gunfighter"}, {"belongs_to_collection": true, "budget": 0, "genres": ["Documentary", "Music", "Family"], "id": 77448, "release_date": "1994-07-01", "revenue": 0, "runtime": 113, "title": "That's Entertainment! III"}, {"belongs_to_collection": false, "budget": 662141, "genres": ["Fantasy", "Music"], "id": 59964, "release_date": "1943-04-09", "revenue": 1606624, "runtime": 98, "title": "Cabin in the Sky"}, {"belongs_to_collection": false, "budget": 0, "genres": ["Drama", "Music"], "id": 43458, "release_date": "1948-12-31", "revenue": 0, "runtime": 120, "title": "Words and Music"}, {"belongs_to_collection": false, "budget": 0, "genres": ["Romance", "Comedy"], "id": 131504, "release_date": "1956-03-09", "revenue": 0, "runtime": 112, "title": "Meet Me in Las Vegas"}, {"belongs_to_collection": false, "budget": 0, "genres": ["Comedy"], "id": 99236, "release_date": "1942-09-01", "revenue": 0, "runtime": 79, "title": "Panama Hattie"}, {"belongs_to_collection": false, "budget": 0, "genres": ["Documentary"], "id": 145762, "release_date": "1965-06-23", "revenue": 0, "runtime": 5, "title": "Now!"}, {"belongs_to_collection": false, "budget": 0, "genres": ["Comedy", "Romance", "Music"], "id": 175171, "release_date": "1943-11-01", "revenue": 0, "runtime": 79, "title": "Swing Fever"}, {"belongs_to_collection": false, "budget": 0, "genres": ["Comedy", "Romance"], "id": 80941, "release_date": "1944-06-14", "revenue": 0, "runtime": 124, "title": "Two Girls and a Sailor"}, {"belongs_to_collection": false, "budget": 0, "genres": ["Music"], "id": 94739, "release_date": "1938-01-02", "revenue": 0, "runtime": 63, "title": "The Duke Is Tops"}, {"belongs_to_collection": false, "budget": 0, "genres": ["Romance", "Comedy", "Music"], "id": 103927, "release_date": "1950-07-14", "revenue": 0, "runtime": 98, "title": "Duchess of Idaho"}, {"belongs_to_collection": false, "budget": 0, "genres": ["Music"], "id": 43513, "release_date": "1943-07-21", "revenue": 0, "runtime": 78, "title": "Stormy Weather"}, {"belongs_to_collection": false, "budget": 0, "genres": ["Family", "Music"], "id": 80918, "release_date": "1944-01-19", "revenue": 0, "runtime": 115, "title": "Broadway Rhythm"}, {"belongs_to_collection": false, "budget": 0, "genres": ["Documentary", "Music"], "id": 228130, "release_date": "2002-02-08", "revenue": 0, "runtime": 80, "title": "It's Black Entertainment"}]}, "Vanessa Lynn Williams": {"id": 27011, "results": [{"belongs_to_collection": true, "budget": 46000000, "genres": ["Action", "Adventure", "Crime", "Thriller"], "id": 479, "release_date": "2000-06-15", "revenue": 107196498, "runtime": 99, "title": "Shaft"}, {"belongs_to_collection": true, "budget": 0, "genres": ["Crime", "Animation", "Mystery", "Action"], "id": 537056, "release_date": "2019-07-19", "revenue": 0, "runtime": 82, "title": "Batman: Hush"}, {"belongs_to_collection": false, "budget": 100000000, "genres": ["Action", "Drama", "Mystery", "Thriller"], "id": 9268, "release_date": "1996-06-21", "revenue": 242295562, "runtime": 115, "title": "Eraser"}, {"belongs_to_collection": false, "budget": 0, "genres": ["Action", "Animation", "Science Fiction"], "id": 487242, "release_date": "2018-05-09", "revenue": 0, "runtime": 86, "title": "Suicide Squad: Hell to Pay"}, {"belongs_to_collection": false, "budget": 23000000, "genres": ["Action", "Thriller"], "id": 2453, "release_date": "1991-08-23", "revenue": 7434726, "runtime": 98, "title": "Harley Davidson and the Marlboro Man"}, {"belongs_to_collection": false, "budget": 35000000, "genres": ["Comedy", "Drama", "Family", "Music", "Romance"], "id": 18126, "release_date": "2009-04-10", "revenue": 155545279, "runtime": 102, "title": "Hannah Montana: The Movie"}, {"belongs_to_collection": false, "budget": 15000000, "genres": ["Romance", "Comedy", "Crime", "Drama"], "id": 17258, "release_date": "1987-09-18", "revenue": 13290368, "runtime": 81, "title": "The Pick-up Artist"}, {"belongs_to_collection": false, "budget": 0, "genres": ["Drama", "Music", "Romance"], "id": 17915, "release_date": "1998-08-21", "revenue": 15, "runtime": 126, "title": "Dance with Me"}, {"belongs_to_collection": false, "budget": 0, "genres": ["Comedy", "Drama"], "id": 29461, "release_date": "1997-09-26", "revenue": 0, "runtime": 114, "title": "Soul Food"}, {"belongs_to_collection": false, "budget": 12000000, "genres": ["Comedy", "Family"], "id": 19084, "release_date": "2004-04-07", "revenue": 31179516, "runtime": 97, "title": "Johnson Family Vacation"}, {"belongs_to_collection": false, "budget": 0, "genres": ["Drama"], "id": 97006, "release_date": "2013-03-29", "revenue": 0, "runtime": 111, "title": "Temptation: Confessions of a Marriage Counselor"}, {"belongs_to_collection": false, "budget": 30000000, "genres": ["Crime", "Drama"], "id": 22073, "release_date": "1997-08-27", "revenue": 0, "runtime": 130, "title": "Hoodlum"}, {"belongs_to_collection": true, "budget": 0, "genres": ["Drama", "Science Fiction"], "id": 415312, "release_date": "2017-06-10", "revenue": 0, "runtime": 98, "title": "The Man from Earth: Holocene"}, {"belongs_to_collection": false, "budget": 0, "genres": ["Family", "Comedy"], "id": 24436, "release_date": "2000-12-13", "revenue": 0, "runtime": 120, "title": "A Diva's Christmas Carol"}, {"belongs_to_collection": false, "budget": 0, "genres": ["Action", "Science Fiction"], "id": 16365, "release_date": "1998-01-09", "revenue": 0, "runtime": 91, "title": "Futuresport"}, {"belongs_to_collection": false, "budget": 17000000, "genres": ["Comedy", "Drama"], "id": 23303, "release_date": "1991-07-26", "revenue": 0, "runtime": 94, "title": "Another You"}, {"belongs_to_collection": false, "budget": 0, "genres": ["Drama", "Thriller"], "id": 19052, "release_date": "1999-11-04", "revenue": 0, "runtime": 99, "title": "Light It Up"}, {"belongs_to_collection": false, "budget": 0, "genres": ["Music", "Family", "Adventure", "Comedy", "Fantasy"], "id": 16112, "release_date": "1999-10-01", "revenue": 0, "runtime": 73, "title": "The Adventures of Elmo in Grouchland"}, {"belongs_to_collection": false, "budget": 0, "genres": ["Comedy", "Action"], "id": 291908, "release_date": "1988-04-25", "revenue": 0, "runtime": 86, "title": "Under the Gun"}, {"belongs_to_collection": false, "budget": 0, "genres": ["Comedy"], "id": 159673, "release_date": "2013-05-10", "revenue": 0, "runtime": 98, "title": "He's Way More Famous Than You"}]}, "Vanessa Williams": {"id": 543193, "results": [{"belongs_to_collection": true, "budget": 6000000, "genres": ["Drama", "Horror", "Thriller"], "id": 9529, "release_date": "1992-09-11", "revenue": 25792310, "runtime": 99, "title": "Candyman"}, {"belongs_to_collection": false, "budget": 8500000, "genres": ["Thriller", "Crime", "Drama"], "id": 10952, "release_date": "1991-03-08", "revenue": 47624253, "runtime": 97, "title": "New Jack City"}, {"belongs_to_collection": true, "budget": 30000000, "genres": ["Comedy", "Drama", "Family", "Fantasy"], "id": 21972, "release_date": "2002-07-03", "revenue": 0, "runtime": 99, "title": "Like Mike"}, {"belongs_to_collection": false, "budget": 55000000, "genres": ["Comedy", "Family"], "id": 19724, "release_date": "2009-06-19", "revenue": 0, "runtime": 107, "title": "Imagine That"}, {"belongs_to_collection": false, "budget": 0, "genres": ["Comedy"], "id": 27265, "release_date": "1996-12-25", "revenue": 0, "runtime": 104, "title": "Mother"}, {"belongs_to_collection": false, "budget": 0, "genres": ["Horror"], "id": 541100, "release_date": "2018-09-23", "revenue": 0, "runtime": 87, "title": "Thriller"}, {"belongs_to_collection": false, "budget": 0, "genres": ["Comedy", "Romance", "Drama"], "id": 20113, "release_date": "2008-12-06", "revenue": 0, "runtime": 87, "title": "Flirting with Forty"}, {"belongs_to_collection": false, "budget": 2000000, "genres": ["Horror", "Science Fiction", "Thriller"], "id": 17306, "release_date": "2007-01-01", "revenue": 0, "runtime": 90, "title": "Ice Spiders"}, {"belongs_to_collection": false, "budget": 0, "genres": ["Drama", "Comedy"], "id": 109461, "release_date": "1994-10-28", "revenue": 0, "runtime": 86, "title": "Drop Squad"}, {"belongs_to_collection": false, "budget": 0, "genres": ["Drama", "Thriller", "TV Movie"], "id": 395048, "release_date": "1999-09-17", "revenue": 0, "runtime": 100, "title": "Incognito"}, {"belongs_to_collection": false, "budget": 0, "genres": ["Drama", "Romance"], "id": 104032, "release_date": "2009-06-01", "revenue": 0, "runtime": 86, "title": "Contradictions of the Heart"}, {"belongs_to_collection": false, "budget": 0, "genres": [], "id": 215759, "release_date": "2013-08-06", "revenue": 0, "runtime": 87, "title": "Raising Izzie"}, {"belongs_to_collection": false, "budget": 0, "genres": ["Action", "Thriller", "Drama"], "id": 112774, "release_date": "2003-01-21", "revenue": 0, "runtime": null, "title": "Black Listed"}, {"belongs_to_collection": false, "budget": 0, "genres": ["Action", "Adventure", "Mystery", "TV Movie"], "id": 613897, "release_date": "2000-01-01", "revenue": 0, "runtime": 88, "title": "Playing with Fire"}, {"belongs_to_collection": false, "budget": 0, "genres": ["Drama"], "id": 185550, "release_date": "2002-07-28", "revenue": 0, "runtime": 95, "title": "Our America"}]}, "Dorothy Dandridge": {"id": 20155, "results": [{"belongs_to_collection": false, "budget": 750000, "genres": ["Drama", "Music", "Romance"], "id": 51044, "release_date": "1954-10-27", "revenue": 0, "runtime": 105, "title": "Carmen Jones"}, {"belongs_to_collection": false, "budget": 0, "genres": ["Comedy", "Western"], "id": 33541, "release_date": "1942-02-13", "revenue": 0, "runtime": 82, "title": "Ride 'Em Cowboy"}, {"belongs_to_collection": false, "budget": 0, "genres": ["Drama", "Romance", "War"], "id": 42401, "release_date": "1944-07-20", "revenue": 0, "runtime": 172, "title": "Since You Went Away"}, {"belongs_to_collection": false, "budget": 0, "genres": ["Comedy", "Music", "Romance"], "id": 43797, "release_date": "1941-08-29", "revenue": 0, "runtime": 86, "title": "Sun Valley Serenade"}, {"belongs_to_collection": false, "budget": 0, "genres": ["Drama"], "id": 65506, "release_date": "1941-04-22", "revenue": 0, "runtime": 82, "title": "Lady from Louisiana"}, {"belongs_to_collection": false, "budget": 7000000, "genres": ["Music", "Drama", "Romance"], "id": 1940, "release_date": "1959-06-24", "revenue": 0, "runtime": 138, "title": "Porgy and Bess"}, {"belongs_to_collection": false, "budget": 0, "genres": ["Drama", "Family"], "id": 37373, "release_date": "1957-06-12", "revenue": 0, "runtime": 119, "title": "Island in the Sun"}, {"belongs_to_collection": false, "budget": 0, "genres": ["Adventure", "Drama"], "id": 113144, "release_date": "1958-10-08", "revenue": 0, "runtime": 90, "title": "The Decks Ran Red"}, {"belongs_to_collection": false, "budget": 0, "genres": ["Drama"], "id": 89547, "release_date": "1953-04-17", "revenue": 0, "runtime": 68, "title": "Bright Road"}, {"belongs_to_collection": false, "budget": 0, "genres": ["Documentary"], "id": 313502, "release_date": "2001-10-07", "revenue": 0, "runtime": 118, "title": "Goldwyn: The Man and His Movies"}, {"belongs_to_collection": false, "budget": 0, "genres": ["Comedy", "Crime", "Drama"], "id": 119094, "release_date": "1942-11-16", "revenue": 0, "runtime": 84, "title": "Lucky Jordan"}, {"belongs_to_collection": false, "budget": 0, "genres": ["Drama", "War"], "id": 94241, "release_date": "1941-10-31", "revenue": 0, "runtime": 90, "title": "Sundown"}, {"belongs_to_collection": false, "budget": 0, "genres": ["History", "Drama"], "id": 121358, "release_date": "1958-01-24", "revenue": 0, "runtime": 98, "title": "Tamango"}, {"belongs_to_collection": false, "budget": 0, "genres": ["Comedy", "Music"], "id": 112492, "release_date": "1943-03-26", "revenue": 0, "runtime": 82, "title": "Hit Parade of 1943"}, {"belongs_to_collection": false, "budget": 0, "genres": ["Comedy", "Romance"], "id": 109481, "release_date": "1940-04-23", "revenue": 0, "runtime": 101, "title": "Irene"}, {"belongs_to_collection": false, "budget": 0, "genres": ["Romance", "Music"], "id": 186807, "release_date": "1944-09-15", "revenue": 0, "runtime": 87, "title": "Atlantic City"}, {"belongs_to_collection": false, "budget": 0, "genres": ["Romance", "Comedy"], "id": 45240, "release_date": "1938-12-31", "revenue": 0, "runtime": 84, "title": "Going Places"}, {"belongs_to_collection": false, "budget": 0, "genres": ["Documentary"], "id": 277123, "release_date": "2003-06-24", "revenue": 0, "runtime": 60, "title": "Dorothy Dandridge: An American Beauty"}, {"belongs_to_collection": false, "budget": 0, "genres": ["Comedy"], "id": 106826, "release_date": "1945-06-09", "revenue": 0, "runtime": 92, "title": "Pillow to Post"}, {"belongs_to_collection": true, "budget": 0, "genres": ["Action", "Adventure"], "id": 76088, "release_date": "1951-03-31", "revenue": 0, "runtime": 78, "title": "Tarzan's Peril"}]}, "Meagan Good": {"id": 22122, "results": [{"belongs_to_collection": false, "budget": 80000000, "genres": ["Action", "Comedy", "Fantasy"], "id": 287947, "release_date": "2019-03-23", "revenue": 363533271, "runtime": 132, "title": "Shazam!"}, {"belongs_to_collection": false, "budget": 0, "genres": ["Thriller", "Drama", "Horror", "Mystery"], "id": 524247, "release_date": "2019-05-03", "revenue": 25724305, "runtime": 102, "title": "The Intruder"}, {"belongs_to_collection": true, "budget": 50000000, "genres": ["Comedy"], "id": 109443, "release_date": "2013-12-18", "revenue": 173649015, "runtime": 119, "title": "Anchorman 2: The Legend Continues"}, {"belongs_to_collection": true, "budget": 10800000, "genres": ["Horror", "Thriller", "Crime"], "id": 11917, "release_date": "2008-10-23", "revenue": 113857533, "runtime": 95, "title": "Saw V"}, {"belongs_to_collection": false, "budget": 3000000, "genres": ["Romance", "Comedy", "Drama"], "id": 138697, "release_date": "2013-07-26", "revenue": 0, "runtime": 90, "title": "Don Jon"}, {"belongs_to_collection": false, "budget": 16000000, "genres": ["Horror", "Thriller", "Mystery"], "id": 13788, "release_date": "2009-01-09", "revenue": 76514050, "runtime": 87, "title": "The Unborn"}, {"belongs_to_collection": true, "budget": 3500000, "genres": ["Comedy"], "id": 10634, "release_date": "1995-04-26", "revenue": 28215918, "runtime": 91, "title": "Friday"}, {"belongs_to_collection": false, "budget": 3500000, "genres": ["Action"], "id": 540, "release_date": "2004-01-21", "revenue": 0, "runtime": 91, "title": "D.E.B.S."}, {"belongs_to_collection": true, "budget": 24000000, "genres": ["Comedy", "Romance"], "id": 184098, "release_date": "2014-06-20", "revenue": 70181428, "runtime": 105, "title": "Think Like a Man Too"}, {"belongs_to_collection": false, "budget": 475000, "genres": ["Drama", "Mystery"], "id": 9270, "release_date": "2005-01-01", "revenue": 3919254, "runtime": 110, "title": "Brick"}, {"belongs_to_collection": false, "budget": 0, "genres": ["Horror", "Thriller"], "id": 7182, "release_date": "2005-09-16", "revenue": 881779, "runtime": 85, "title": "Venom"}, {"belongs_to_collection": true, "budget": 13000000, "genres": ["Drama", "Music"], "id": 1931, "release_date": "2007-05-16", "revenue": 75511123, "runtime": 114, "title": "Stomp the Yard"}, {"belongs_to_collection": true, "budget": 12000000, "genres": ["Comedy", "Romance"], "id": 67660, "release_date": "2012-04-16", "revenue": 96070507, "runtime": 122, "title": "Think Like a Man"}, {"belongs_to_collection": false, "budget": 62000000, "genres": ["Comedy", "Romance"], "id": 12177, "release_date": "2008-06-20", "revenue": 41819064, "runtime": 87, "title": "The Love Guru"}, {"belongs_to_collection": false, "budget": 0, "genres": ["Action", "Adventure", "Drama", "Thriller"], "id": 9917, "release_date": "2006-06-23", "revenue": 21353303, "runtime": 97, "title": "Waist Deep"}, {"belongs_to_collection": true, "budget": 0, "genres": ["Drama", "Music"], "id": 14114, "release_date": "2004-01-30", "revenue": 0, "runtime": 95, "title": "You Got Served"}, {"belongs_to_collection": true, "budget": 27, "genres": ["Horror", "Mystery", "Thriller"], "id": 6933, "release_date": "2008-01-04", "revenue": 26, "runtime": 87, "title": "One Missed Call"}, {"belongs_to_collection": false, "budget": 6600000, "genres": ["Comedy"], "id": 57119, "release_date": "2011-05-06", "revenue": 37710610, "runtime": 112, "title": "Jumping the Broom"}, {"belongs_to_collection": false, "budget": 24000000, "genres": ["Action", "Drama"], "id": 12253, "release_date": "2003-01-31", "revenue": 23510601, "runtime": 110, "title": "Biker Boyz"}, {"belongs_to_collection": false, "budget": 0, "genres": ["Comedy", "Drama", "Romance", "Science Fiction", "Thriller"], "id": 26454, "release_date": "2003-02-07", "revenue": 0, "runtime": 105, "title": "Deliver Us from Eva"}]}, "Angela Bassett": {"id": 9780, "results": [{"belongs_to_collection": true, "budget": 356000000, "genres": ["Adventure", "Science Fiction", "Action"], "id": 299534, "release_date": "2019-04-24", "revenue": 2796274401, "runtime": 181, "title": "Avengers: Endgame"}, {"belongs_to_collection": true, "budget": 200000000, "genres": ["Action", "Adventure", "Fantasy", "Science Fiction"], "id": 284054, "release_date": "2018-02-13", "revenue": 1346739107, "runtime": 134, "title": "Black Panther"}, {"belongs_to_collection": true, "budget": 178000000, "genres": ["Action", "Adventure"], "id": 353081, "release_date": "2018-07-13", "revenue": 791017452, "runtime": 148, "title": "Mission: Impossible - Fallout"}, {"belongs_to_collection": true, "budget": 135000000, "genres": ["Action", "Adventure", "Science Fiction"], "id": 424783, "release_date": "2018-12-15", "revenue": 465895025, "runtime": 114, "title": "Bumblebee"}, {"belongs_to_collection": true, "budget": 60000000, "genres": ["Action", "Thriller"], "id": 267860, "release_date": "2016-03-02", "revenue": 205754447, "runtime": 99, "title": "London Has Fallen"}, {"belongs_to_collection": false, "budget": 20000000, "genres": ["Action", "Crime", "Thriller"], "id": 334074, "release_date": "2015-05-21", "revenue": 0, "runtime": 96, "title": "Survivor"}, {"belongs_to_collection": true, "budget": 70000000, "genres": ["Action", "Thriller"], "id": 117263, "release_date": "2013-03-20", "revenue": 161025640, "runtime": 120, "title": "Olympus Has Fallen"}, {"belongs_to_collection": false, "budget": 68000000, "genres": ["Action", "Crime", "Thriller", "Mystery"], "id": 11371, "release_date": "2001-07-13", "revenue": 113579918, "runtime": 124, "title": "The Score"}, {"belongs_to_collection": false, "budget": 90000000, "genres": ["Drama", "Science Fiction", "Mystery"], "id": 686, "release_date": "1997-07-11", "revenue": 171120329, "runtime": 150, "title": "Contact"}, {"belongs_to_collection": false, "budget": 42000000, "genres": ["Crime", "Drama", "Science Fiction", "Thriller"], "id": 281, "release_date": "1995-10-13", "revenue": 7959291, "runtime": 145, "title": "Strange Days"}, {"belongs_to_collection": false, "budget": 200000000, "genres": ["Adventure", "Action", "Thriller", "Science Fiction"], "id": 44912, "release_date": "2011-06-16", "revenue": 219851172, "runtime": 114, "title": "Green Lantern"}, {"belongs_to_collection": false, "budget": 0, "genres": ["Comedy"], "id": 531509, "release_date": "2019-08-13", "revenue": 0, "runtime": 100, "title": "Otherhood"}, {"belongs_to_collection": false, "budget": 11500000, "genres": ["Drama", "Thriller"], "id": 14637, "release_date": "2008-12-19", "revenue": 186702, "runtime": 108, "title": "Nothing But the Truth"}, {"belongs_to_collection": false, "budget": 150000000, "genres": ["Animation", "Comedy", "Family"], "id": 1267, "release_date": "2007-03-23", "revenue": 169332978, "runtime": 95, "title": "Meet the Robinsons"}, {"belongs_to_collection": false, "budget": 65000000, "genres": ["Action", "Comedy", "Romance"], "id": 59962, "release_date": "2012-02-14", "revenue": 156974557, "runtime": 103, "title": "This Means War"}, {"belongs_to_collection": false, "budget": 0, "genres": ["Thriller", "Drama"], "id": 157825, "release_date": "2014-08-14", "revenue": 33821, "runtime": 91, "title": "White Bird in a Blizzard"}, {"belongs_to_collection": false, "budget": 0, "genres": ["Drama", "Music"], "id": 14410, "release_date": "2009-01-16", "revenue": 43051547, "runtime": 122, "title": "Notorious"}, {"belongs_to_collection": false, "budget": 6500000, "genres": ["Crime", "Drama"], "id": 650, "release_date": "1991-07-12", "revenue": 57504069, "runtime": 112, "title": "Boyz n the Hood"}, {"belongs_to_collection": false, "budget": 14000000, "genres": ["Comedy", "Horror", "Romance"], "id": 12158, "release_date": "1995-10-26", "revenue": 19800000, "runtime": 100, "title": "Vampire in Brooklyn"}, {"belongs_to_collection": true, "budget": 0, "genres": ["Comedy", "Horror", "Science Fiction", "Thriller"], "id": 12525, "release_date": "1992-08-20", "revenue": 0, "runtime": 100, "title": "Critters 4"}]}, "Kerry Washington": {"id": 11703, "results": [{"belongs_to_collection": true, "budget": 100000000, "genres": ["Action", "Adventure", "Fantasy", "Science Fiction"], "id": 9738, "release_date": "2005-06-29", "revenue": 330579719, "runtime": 106, "title": "Fantastic Four"}, {"belongs_to_collection": false, "budget": 100000000, "genres": ["Drama", "Western"], "id": 68718, "release_date": "2012-12-25", "revenue": 425368238, "runtime": 165, "title": "Django Unchained"}, {"belongs_to_collection": false, "budget": 110000000, "genres": ["Action", "Comedy", "Drama", "Thriller"], "id": 787, "release_date": "2005-06-07", "revenue": 478207520, "runtime": 120, "title": "Mr. & Mrs. Smith"}, {"belongs_to_collection": true, "budget": 175000000, "genres": ["Adventure", "Animation", "Comedy", "Family"], "id": 260514, "release_date": "2017-06-15", "revenue": 383925276, "runtime": 102, "title": "Cars 3"}, {"belongs_to_collection": true, "budget": 130000000, "genres": ["Adventure", "Fantasy", "Action", "Thriller"], "id": 1979, "release_date": "2007-06-13", "revenue": 289047763, "runtime": 92, "title": "Fantastic Four: Rise of the Silver Surfer"}, {"belongs_to_collection": false, "budget": 70000000, "genres": ["Action", "Adventure", "Comedy", "Thriller"], "id": 3132, "release_date": "2002-06-07", "revenue": 65977295, "runtime": 116, "title": "Bad Company"}, {"belongs_to_collection": false, "budget": 30000000, "genres": ["Drama", "Thriller", "Romance"], "id": 10922, "release_date": "2003-10-29", "revenue": 0, "runtime": 106, "title": "The Human Stain"}, {"belongs_to_collection": false, "budget": 64000000, "genres": ["Comedy", "Crime"], "id": 9072, "release_date": "2006-08-31", "revenue": 101595121, "runtime": 98, "title": "Little Man"}, {"belongs_to_collection": false, "budget": 40000000, "genres": ["Drama", "Music"], "id": 1677, "release_date": "2004-10-29", "revenue": 124731534, "runtime": 152, "title": "Ray"}, {"belongs_to_collection": false, "budget": 6000000, "genres": ["Drama"], "id": 1523, "release_date": "2006-09-01", "revenue": 48027970, "runtime": 121, "title": "The Last King of Scotland"}, {"belongs_to_collection": false, "budget": 20000000, "genres": ["Drama", "Crime", "Thriller"], "id": 13279, "release_date": "2008-09-19", "revenue": 27640028, "runtime": 110, "title": "Lakeview Terrace"}, {"belongs_to_collection": false, "budget": 11000000, "genres": ["Comedy", "Romance"], "id": 14434, "release_date": "2007-03-16", "revenue": 13196245, "runtime": 90, "title": "I Think I Love My Wife"}, {"belongs_to_collection": true, "budget": 13000000, "genres": ["Drama", "Family", "Romance", "Music"], "id": 9816, "release_date": "2001-01-12", "revenue": 91038276, "runtime": 112, "title": "Save the Last Dance"}, {"belongs_to_collection": false, "budget": 0, "genres": ["Crime", "Drama"], "id": 13573, "release_date": "2003-01-18", "revenue": 343816, "runtime": 108, "title": "The United States of Leland"}, {"belongs_to_collection": false, "budget": 0, "genres": ["Mystery", "Drama", "Crime", "Thriller"], "id": 13551, "release_date": "2006-11-07", "revenue": 0, "runtime": 85, "title": "The Dead Girl"}, {"belongs_to_collection": false, "budget": 40000000, "genres": ["Drama", "Comedy"], "id": 72358, "release_date": "2012-03-07", "revenue": 22044277, "runtime": 91, "title": "A Thousand Words"}, {"belongs_to_collection": false, "budget": 45000000, "genres": ["Drama", "War"], "id": 12412, "release_date": "2008-09-15", "revenue": 9323833, "runtime": 160, "title": "Miracle at St. Anna"}, {"belongs_to_collection": false, "budget": 0, "genres": ["Comedy", "Drama"], "id": 135647, "release_date": "2011-01-01", "revenue": 0, "runtime": 96, "title": "The Details"}, {"belongs_to_collection": false, "budget": 39000000, "genres": ["Romance", "Drama"], "id": 8842, "release_date": "2004-02-20", "revenue": 6614280, "runtime": 106, "title": "Against the Ropes"}, {"belongs_to_collection": false, "budget": 0, "genres": ["Drama", "History", "TV Movie"], "id": 348390, "release_date": "2016-04-16", "revenue": 0, "runtime": 110, "title": "Confirmation"}]}, "Rashida Jones": {"id": 80591, "results": [{"belongs_to_collection": false, "budget": 175000000, "genres": ["Drama", "Comedy", "Animation", "Family"], "id": 150540, "release_date": "2015-06-09", "revenue": 857611174, "runtime": 95, "title": "Inside Out"}, {"belongs_to_collection": false, "budget": 40000000, "genres": ["Drama"], "id": 37799, "release_date": "2010-10-01", "revenue": 224920315, "runtime": 121, "title": "The Social Network"}, {"belongs_to_collection": false, "budget": 75000000, "genres": ["Animation", "Family", "Comedy", "Fantasy"], "id": 360920, "release_date": "2018-11-08", "revenue": 508575295, "runtime": 90, "title": "The Grinch"}, {"belongs_to_collection": false, "budget": 28000000, "genres": ["Comedy", "Drama"], "id": 455980, "release_date": "2018-05-30", "revenue": 75100000, "runtime": 100, "title": "Tag"}, {"belongs_to_collection": false, "budget": 0, "genres": ["Drama"], "id": 565341, "release_date": "2019-09-13", "revenue": 0, "runtime": 87, "title": "The Sound of Silence"}, {"belongs_to_collection": false, "budget": 35000000, "genres": ["Romance", "Comedy"], "id": 50544, "release_date": "2011-07-21", "revenue": 150483765, "runtime": 109, "title": "Friends with Benefits"}, {"belongs_to_collection": false, "budget": 30000000, "genres": ["Action", "Comedy", "Crime"], "id": 23742, "release_date": "2010-02-26", "revenue": 55583804, "runtime": 107, "title": "Cop Out"}, {"belongs_to_collection": false, "budget": 41000000, "genres": ["Comedy"], "id": 16538, "release_date": "2009-03-20", "revenue": 91636986, "runtime": 105, "title": "I Love You, Man"}, {"belongs_to_collection": false, "budget": 41000000, "genres": ["Comedy"], "id": 73937, "release_date": "2011-10-13", "revenue": 7448385, "runtime": 100, "title": "The Big Year"}, {"belongs_to_collection": true, "budget": 45000000, "genres": ["Comedy", "Family", "Music"], "id": 64328, "release_date": "2011-11-22", "revenue": 165184237, "runtime": 103, "title": "The Muppets"}, {"belongs_to_collection": false, "budget": 5000000, "genres": ["Comedy", "Drama"], "id": 59968, "release_date": "2011-08-26", "revenue": 24816118, "runtime": 90, "title": "Our Idiot Brother"}, {"belongs_to_collection": false, "budget": 0, "genres": ["Animation", "Family"], "id": 456154, "release_date": "2018-03-28", "revenue": 0, "runtime": 87, "title": "White Fang"}, {"belongs_to_collection": false, "budget": 0, "genres": ["Comedy"], "id": 201086, "release_date": "2014-02-14", "revenue": 0, "runtime": 98, "title": "Cuban Fury"}, {"belongs_to_collection": false, "budget": 0, "genres": ["Science Fiction", "Romance", "Thriller"], "id": 458005, "release_date": "2018-07-19", "revenue": 0, "runtime": 104, "title": "Zoe"}, {"belongs_to_collection": false, "budget": 0, "genres": ["Comedy", "Drama", "Romance"], "id": 84184, "release_date": "2012-08-03", "revenue": 3094813, "runtime": 91, "title": "Celeste & Jesse Forever"}, {"belongs_to_collection": false, "budget": 0, "genres": ["Comedy"], "id": 584962, "release_date": "2019-09-20", "revenue": 0, "runtime": 82, "title": "Between Two Ferns: The Movie"}, {"belongs_to_collection": false, "budget": 35000000, "genres": ["Comedy", "Romance", "Drama"], "id": 14846, "release_date": "2004-08-06", "revenue": 22034832, "runtime": 111, "title": "Little Black Book"}, {"belongs_to_collection": true, "budget": 0, "genres": ["Romance", "Drama"], "id": 28031, "release_date": "2000-03-05", "revenue": 0, "runtime": 96, "title": "If These Walls Could Talk 2"}, {"belongs_to_collection": false, "budget": 0, "genres": ["Comedy"], "id": 13173, "release_date": "2007-08-03", "revenue": 0, "runtime": 96, "title": "The Ten"}, {"belongs_to_collection": false, "budget": 0, "genres": ["Documentary", "Music", "History"], "id": 504561, "release_date": "2018-09-21", "revenue": 0, "runtime": 124, "title": "Quincy"}]}, "Lisa Bonet": {"id": 3232, "results": [{"belongs_to_collection": false, "budget": 90000000, "genres": ["Action", "Drama", "Thriller"], "id": 9798, "release_date": "1998-11-20", "revenue": 250649836, "runtime": 132, "title": "Enemy of the State"}, {"belongs_to_collection": false, "budget": 17000000, "genres": ["Horror", "Mystery"], "id": 635, "release_date": "1987-03-06", "revenue": 17185632, "runtime": 113, "title": "Angel Heart"}, {"belongs_to_collection": false, "budget": 30000000, "genres": ["Comedy", "Drama", "Romance", "Music"], "id": 243, "release_date": "2000-03-17", "revenue": 47126295, "runtime": 113, "title": "High Fidelity"}, {"belongs_to_collection": false, "budget": 0, "genres": ["Thriller", "Drama"], "id": 268060, "release_date": "2014-04-12", "revenue": 0, "runtime": 91, "title": "Road to Paloma"}, {"belongs_to_collection": false, "budget": 24000000, "genres": ["Action", "Drama"], "id": 12253, "release_date": "2003-01-31", "revenue": 23510601, "runtime": 110, "title": "Biker Boyz"}, {"belongs_to_collection": false, "budget": 0, "genres": ["Action", "Science Fiction"], "id": 215760, "release_date": "1994-11-28", "revenue": 0, "runtime": 89, "title": "New Eden"}, {"belongs_to_collection": false, "budget": 500000, "genres": ["Science Fiction"], "id": 44546, "release_date": "2002-09-08", "revenue": 0, "runtime": 94, "title": "Lathe of Heaven"}, {"belongs_to_collection": false, "budget": 0, "genres": ["Comedy", "Crime", "Thriller"], "id": 420034, "release_date": "1993-12-03", "revenue": 0, "runtime": 91, "title": "Bank Robber"}, {"belongs_to_collection": false, "budget": 0, "genres": ["Documentary"], "id": 430264, "release_date": "2016-12-08", "revenue": 0, "runtime": 8, "title": "Canvas of My Life"}, {"belongs_to_collection": false, "budget": 0, "genres": ["Drama", "Fantasy"], "id": 452898, "release_date": "2017-02-27", "revenue": 0, "runtime": 8, "title": "Jellywolf"}, {"belongs_to_collection": false, "budget": 0, "genres": ["Thriller", "Drama"], "id": 68670, "release_date": "1994-01-01", "revenue": 0, "runtime": 93, "title": "Dead Connection"}, {"belongs_to_collection": false, "budget": 0, "genres": ["Animation"], "id": 244438, "release_date": "1983-01-01", "revenue": 0, "runtime": 15, "title": "Sound of Sunshine - Sound of Rain"}]}, "Halle Berry": {"id": 4587, "results": [{"belongs_to_collection": true, "budget": 55000000, "genres": ["Action", "Thriller", "Crime"], "id": 458156, "release_date": "2019-05-15", "revenue": 318642310, "runtime": 131, "title": "John Wick: Chapter 3 \u2013 Parabellum"}, {"belongs_to_collection": true, "budget": 250000000, "genres": ["Action", "Adventure", "Fantasy", "Science Fiction"], "id": 127585, "release_date": "2014-05-15", "revenue": 747862775, "runtime": 131, "title": "X-Men: Days of Future Past"}, {"belongs_to_collection": true, "budget": 104000000, "genres": ["Action", "Adventure", "Comedy"], "id": 343668, "release_date": "2017-09-20", "revenue": 410902662, "runtime": 141, "title": "Kingsman: The Golden Circle"}, {"belongs_to_collection": true, "budget": 140000000, "genres": ["Adventure", "Action", "Thriller"], "id": 36669, "release_date": "2002-11-17", "revenue": 431971116, "runtime": 133, "title": "Die Another Day"}, {"belongs_to_collection": true, "budget": 46000000, "genres": ["Fantasy", "Comedy", "Family"], "id": 888, "release_date": "1994-05-26", "revenue": 341631208, "runtime": 91, "title": "The Flintstones"}, {"belongs_to_collection": false, "budget": 6000000, "genres": ["Comedy"], "id": 87818, "release_date": "2013-01-01", "revenue": 32438988, "runtime": 90, "title": "Movie 43"}, {"belongs_to_collection": false, "budget": 100000000, "genres": ["Action", "Fantasy", "Mystery"], "id": 314, "release_date": "2004-07-22", "revenue": 82102379, "runtime": 104, "title": "Catwoman"}, {"belongs_to_collection": false, "budget": 102000000, "genres": ["Action", "Crime", "Thriller"], "id": 9705, "release_date": "2001-06-07", "revenue": 147080413, "runtime": 99, "title": "Swordfish"}, {"belongs_to_collection": false, "budget": 29000000, "genres": ["Action", "Thriller"], "id": 9319, "release_date": "1991-12-11", "revenue": 59509925, "runtime": 105, "title": "The Last Boy Scout"}, {"belongs_to_collection": false, "budget": 55000000, "genres": ["Action", "Adventure", "Drama", "Thriller"], "id": 2320, "release_date": "1996-03-15", "revenue": 121969216, "runtime": 133, "title": "Executive Decision"}, {"belongs_to_collection": false, "budget": 75000000, "genres": ["Animation", "Comedy", "Family", "Science Fiction"], "id": 9928, "release_date": "2005-03-10", "revenue": 260696994, "runtime": 91, "title": "Robots"}, {"belongs_to_collection": false, "budget": 40000000, "genres": ["Horror", "Thriller"], "id": 4970, "release_date": "2003-11-21", "revenue": 141591324, "runtime": 98, "title": "Gothika"}, {"belongs_to_collection": false, "budget": 21000000, "genres": ["Drama", "Thriller"], "id": 293768, "release_date": "2017-06-16", "revenue": 30718107, "runtime": 95, "title": "Kidnap"}, {"belongs_to_collection": false, "budget": 102000000, "genres": ["Drama", "Science Fiction"], "id": 83542, "release_date": "2012-10-26", "revenue": 130482868, "runtime": 172, "title": "Cloud Atlas"}, {"belongs_to_collection": false, "budget": 60795000, "genres": ["Crime", "Drama", "Mystery", "Thriller"], "id": 7183, "release_date": "2007-04-12", "revenue": 73090611, "runtime": 109, "title": "Perfect Stranger"}, {"belongs_to_collection": false, "budget": 4000000, "genres": ["Drama", "Romance"], "id": 1365, "release_date": "2001-11-11", "revenue": 44909486, "runtime": 111, "title": "Monster's Ball"}, {"belongs_to_collection": false, "budget": 40000000, "genres": ["Comedy", "Romance"], "id": 11066, "release_date": "1992-06-30", "revenue": 70100000, "runtime": 117, "title": "Boomerang"}, {"belongs_to_collection": false, "budget": 13000000, "genres": ["Crime", "Thriller"], "id": 158011, "release_date": "2013-03-14", "revenue": 68572378, "runtime": 94, "title": "The Call"}, {"belongs_to_collection": false, "budget": 16000000, "genres": ["Drama"], "id": 3877, "release_date": "2007-09-26", "revenue": 2849142, "runtime": 113, "title": "Things We Lost in the Fire"}, {"belongs_to_collection": false, "budget": 30000000, "genres": ["Comedy", "Drama"], "id": 9452, "release_date": "1998-05-15", "revenue": 29202884, "runtime": 108, "title": "Bulworth"}]}, "Oprah Winfrey": {"id": 13309, "results": [{"belongs_to_collection": false, "budget": 150000000, "genres": ["Family", "Animation", "Adventure", "Comedy"], "id": 5559, "release_date": "2007-10-28", "revenue": 287594577, "runtime": 91, "title": "Bee Movie"}, {"belongs_to_collection": false, "budget": 103000000, "genres": ["Adventure", "Science Fiction", "Family", "Fantasy"], "id": 407451, "release_date": "2018-03-08", "revenue": 132675864, "runtime": 109, "title": "A Wrinkle in Time"}, {"belongs_to_collection": false, "budget": 105000000, "genres": ["Romance", "Family", "Animation"], "id": 10198, "release_date": "2009-12-08", "revenue": 270997378, "runtime": 97, "title": "The Princess and the Frog"}, {"belongs_to_collection": false, "budget": 15000000, "genres": ["Drama"], "id": 873, "release_date": "1985-12-18", "revenue": 146292009, "runtime": 154, "title": "The Color Purple"}, {"belongs_to_collection": true, "budget": 85000000, "genres": ["Crime", "Thriller"], "id": 298, "release_date": "2007-06-06", "revenue": 311312624, "runtime": 122, "title": "Ocean's Thirteen"}, {"belongs_to_collection": false, "budget": 14000000, "genres": ["Crime", "Comedy"], "id": 11896, "release_date": "1987-12-11", "revenue": 57915972, "runtime": 88, "title": "Throw Momma from the Train"}, {"belongs_to_collection": false, "budget": 85000000, "genres": ["Comedy", "Family", "Fantasy"], "id": 9986, "release_date": "2006-12-07", "revenue": 144000000, "runtime": 97, "title": "Charlotte's Web"}, {"belongs_to_collection": false, "budget": 10000000, "genres": ["Comedy", "Adventure", "Family", "Fantasy", "Animation"], "id": 355547, "release_date": "2017-11-15", "revenue": 0, "runtime": 86, "title": "The Star"}, {"belongs_to_collection": false, "budget": 20000000, "genres": ["History", "Drama"], "id": 273895, "release_date": "2014-12-25", "revenue": 66787908, "runtime": 127, "title": "Selma"}, {"belongs_to_collection": false, "budget": 25000000, "genres": ["Drama"], "id": 132363, "release_date": "2013-08-16", "revenue": 115922175, "runtime": 132, "title": "The Butler"}, {"belongs_to_collection": false, "budget": 0, "genres": ["Documentary", "TV Movie"], "id": 410718, "release_date": "2016-10-21", "revenue": 0, "runtime": 93, "title": "Before the Flood"}, {"belongs_to_collection": false, "budget": 0, "genres": ["Drama", "Thriller"], "id": 39437, "release_date": "1998-10-16", "revenue": 0, "runtime": 172, "title": "Beloved"}, {"belongs_to_collection": false, "budget": 0, "genres": ["Documentary", "TV Movie"], "id": 467062, "release_date": "2017-10-05", "revenue": 0, "runtime": 147, "title": "Spielberg"}, {"belongs_to_collection": false, "budget": 0, "genres": ["Documentary", "Music", "History"], "id": 504561, "release_date": "2018-09-21", "revenue": 0, "runtime": 124, "title": "Quincy"}, {"belongs_to_collection": false, "budget": 0, "genres": ["Documentary"], "id": 608658, "release_date": "2019-06-13", "revenue": 0, "runtime": 61, "title": "Oprah Winfrey Presents: When They See Us Now"}, {"belongs_to_collection": false, "budget": 0, "genres": ["Documentary", "Music"], "id": 448449, "release_date": "2017-04-24", "revenue": 0, "runtime": 105, "title": "Whitney: Can I Be Me"}, {"belongs_to_collection": false, "budget": 0, "genres": ["Comedy", "Family"], "id": 96973, "release_date": "2012-05-04", "revenue": 0, "runtime": 92, "title": "Jesus Henry Christ"}, {"belongs_to_collection": false, "budget": 0, "genres": ["Drama", "TV Movie"], "id": 424600, "release_date": "2017-04-22", "revenue": 0, "runtime": 93, "title": "The Immortal Life of Henrietta Lacks"}, {"belongs_to_collection": false, "budget": 0, "genres": ["Animation"], "id": 539935, "release_date": "2018-04-19", "revenue": 0, "runtime": 18, "title": "Crow: The Legend"}, {"belongs_to_collection": false, "budget": 0, "genres": ["Documentary"], "id": 390403, "release_date": "2016-04-15", "revenue": 0, "runtime": 93, "title": "Enlighten Us: The Rise and Fall of James Arthur Ray"}]}, "Queen Latifah": {"id": 15758, "results": [{"belongs_to_collection": false, "budget": 50000000, "genres": ["Comedy", "Romance", "Drama"], "id": 2976, "release_date": "2007-07-13", "revenue": 90450008, "runtime": 117, "title": "Hairspray"}, {"belongs_to_collection": true, "budget": 95000000, "genres": ["Animation", "Comedy", "Adventure", "Family"], "id": 57800, "release_date": "2012-06-26", "revenue": 877244782, "runtime": 88, "title": "Ice Age: Continental Drift"}, {"belongs_to_collection": true, "budget": 80000000, "genres": ["Animation", "Family", "Comedy", "Adventure"], "id": 950, "release_date": "2006-03-29", "revenue": 660940780, "runtime": 91, "title": "Ice Age: The Meltdown"}, {"belongs_to_collection": true, "budget": 90000000, "genres": ["Animation", "Comedy", "Family", "Adventure"], "id": 8355, "release_date": "2009-06-29", "revenue": 886686817, "runtime": 94, "title": "Ice Age: Dawn of the Dinosaurs"}, {"belongs_to_collection": true, "budget": 105000000, "genres": ["Adventure", "Animation", "Family", "Comedy"], "id": 278154, "release_date": "2016-06-23", "revenue": 408579038, "runtime": 100, "title": "Ice Age: Collision Course"}, {"belongs_to_collection": true, "budget": 48000000, "genres": ["Comedy"], "id": 4256, "release_date": "2003-10-24", "revenue": 220673217, "runtime": 84, "title": "Scary Movie 3"}, {"belongs_to_collection": false, "budget": 25000000, "genres": ["Thriller", "Action", "Comedy", "Crime"], "id": 11045, "release_date": "2004-10-06", "revenue": 36609966, "runtime": 97, "title": "Taxi"}, {"belongs_to_collection": false, "budget": 45000000, "genres": ["Comedy", "Crime", "Drama"], "id": 1574, "release_date": "2002-12-26", "revenue": 306776732, "runtime": 113, "title": "Chicago"}, {"belongs_to_collection": false, "budget": 73000000, "genres": ["Drama", "Mystery", "Thriller", "Crime"], "id": 9481, "release_date": "1999-11-04", "revenue": 151493655, "runtime": 118, "title": "The Bone Collector"}, {"belongs_to_collection": true, "budget": 50000000, "genres": ["Crime", "Comedy", "Action"], "id": 187017, "release_date": "2014-06-05", "revenue": 188441614, "runtime": 112, "title": "22 Jump Street"}, {"belongs_to_collection": false, "budget": 52000000, "genres": ["Comedy", "Romance"], "id": 32856, "release_date": "2010-02-10", "revenue": 216485654, "runtime": 125, "title": "Valentine's Day"}, {"belongs_to_collection": false, "budget": 80000000, "genres": ["Science Fiction", "Drama", "Horror", "Mystery"], "id": 10153, "release_date": "1998-02-13", "revenue": 37020277, "runtime": 134, "title": "Sphere"}, {"belongs_to_collection": false, "budget": 5000000, "genres": ["Action", "Crime", "Drama", "Thriller"], "id": 16136, "release_date": "1992-01-17", "revenue": 20146880, "runtime": 96, "title": "Juice"}, {"belongs_to_collection": false, "budget": 0, "genres": ["Animation", "Family", "TV Movie"], "id": 79218, "release_date": "2011-11-24", "revenue": 0, "runtime": 26, "title": "Ice Age: A Mammoth Christmas"}, {"belongs_to_collection": false, "budget": 16000000, "genres": ["Drama"], "id": 339984, "release_date": "2016-03-17", "revenue": 73983359, "runtime": 119, "title": "Miracles from Heaven"}, {"belongs_to_collection": false, "budget": 19000000, "genres": ["Comedy"], "id": 417870, "release_date": "2017-07-21", "revenue": 140376621, "runtime": 122, "title": "Girls Trip"}, {"belongs_to_collection": false, "budget": 35000000, "genres": ["Comedy", "Romance"], "id": 9029, "release_date": "2008-05-07", "revenue": 170000000, "runtime": 99, "title": "What Happens in Vegas"}, {"belongs_to_collection": false, "budget": 32000000, "genres": ["Drama"], "id": 8649, "release_date": "1999-10-22", "revenue": 0, "runtime": 121, "title": "Bringing Out the Dead"}, {"belongs_to_collection": false, "budget": 30000000, "genres": ["Comedy", "Drama", "Fantasy", "Romance"], "id": 1262, "release_date": "2006-09-09", "revenue": 53653224, "runtime": 113, "title": "Stranger Than Fiction"}, {"belongs_to_collection": false, "budget": 0, "genres": ["Adventure", "Animation", "Comedy", "Family", "TV Movie"], "id": 387893, "release_date": "2016-03-20", "revenue": 0, "runtime": 25, "title": "Ice Age: The Great Egg-Scapade"}]}, "Eve Jihan Jeffers": {"id": 230176, "results": [{"belongs_to_collection": true, "budget": 70000000, "genres": ["Action", "Adventure", "Thriller", "Mystery"], "id": 7451, "release_date": "2002-08-09", "revenue": 277448382, "runtime": 124, "title": "xXx"}, {"belongs_to_collection": false, "budget": 15000000, "genres": ["Drama"], "id": 22798, "release_date": "2009-09-13", "revenue": 16633035, "runtime": 111, "title": "Whip It"}, {"belongs_to_collection": true, "budget": 120000000, "genres": ["Action", "Adventure", "Comedy"], "id": 9471, "release_date": "2003-06-27", "revenue": 259175788, "runtime": 106, "title": "Charlie's Angels: Full Throttle"}, {"belongs_to_collection": true, "budget": 12000000, "genres": ["Comedy", "Drama"], "id": 10611, "release_date": "2002-04-01", "revenue": 75781642, "runtime": 102, "title": "Barbershop"}, {"belongs_to_collection": true, "budget": 20000000, "genres": ["Comedy"], "id": 326423, "release_date": "2016-04-15", "revenue": 55030051, "runtime": 112, "title": "Barbershop: The Next Cut"}, {"belongs_to_collection": true, "budget": 18000000, "genres": ["Comedy", "Drama"], "id": 21301, "release_date": "2004-01-20", "revenue": 65070412, "runtime": 106, "title": "Barbershop 2:  Back in Business"}, {"belongs_to_collection": false, "budget": 0, "genres": ["Action", "Science Fiction"], "id": 209504, "release_date": "2013-09-05", "revenue": 0, "runtime": 93, "title": "Bounty Killer"}, {"belongs_to_collection": false, "budget": 4600000, "genres": ["Action", "Thriller", "Crime", "Romance"], "id": 44877, "release_date": "2010-06-02", "revenue": 1163967, "runtime": 117, "title": "4.3.2.1"}, {"belongs_to_collection": false, "budget": 0, "genres": ["Drama"], "id": 9692, "release_date": "2004-12-24", "revenue": 4678405, "runtime": 87, "title": "The Woodsman"}, {"belongs_to_collection": false, "budget": 0, "genres": ["Thriller", "Horror"], "id": 274626, "release_date": "2014-06-17", "revenue": 0, "runtime": 86, "title": "Animal"}, {"belongs_to_collection": false, "budget": 0, "genres": ["Drama"], "id": 13793, "release_date": "2008-10-17", "revenue": 1107542, "runtime": 110, "title": "Flashbacks of a Fool"}, {"belongs_to_collection": false, "budget": 0, "genres": ["Comedy", "Documentary"], "id": 22800, "release_date": "2009-10-09", "revenue": 0, "runtime": 95, "title": "Good Hair"}, {"belongs_to_collection": false, "budget": 0, "genres": ["Comedy", "Romance", "Drama"], "id": 321160, "release_date": "2015-01-24", "revenue": 0, "runtime": 105, "title": "With This Ring"}, {"belongs_to_collection": false, "budget": 16000000, "genres": ["Comedy", "Drama"], "id": 18475, "release_date": "2004-09-03", "revenue": 12, "runtime": 97, "title": "The Cookout"}, {"belongs_to_collection": false, "budget": 0, "genres": ["Comedy", "Romance"], "id": 252650, "release_date": "2013-11-15", "revenue": 0, "runtime": 90, "title": "All Wifed Out"}, {"belongs_to_collection": false, "budget": 0, "genres": ["Music", "Documentary"], "id": 315532, "release_date": "2010-08-30", "revenue": 0, "runtime": 43, "title": "My Mic Sounds Nice: A Truth About Women and Hip-Hop"}, {"belongs_to_collection": false, "budget": 0, "genres": ["Music"], "id": 608401, "release_date": "2001-10-16", "revenue": 0, "runtime": 90, "title": "Ruff Ryders: Uncensored"}, {"belongs_to_collection": true, "budget": 0, "genres": ["Documentary", "Adventure"], "id": 99670, "release_date": "2011-01-01", "revenue": 0, "runtime": 100, "title": "Gumball 3000: LDN 2 NYC"}]}, "Loretta Devine": {"id": 18284, "results": [{"belongs_to_collection": false, "budget": 6500000, "genres": ["Drama"], "id": 1640, "release_date": "2004-09-10", "revenue": 98410061, "runtime": 112, "title": "Crash"}, {"belongs_to_collection": false, "budget": 70000000, "genres": ["Comedy", "Romance"], "id": 3981, "release_date": "2000-12-15", "revenue": 374111707, "runtime": 127, "title": "What Women Want"}, {"belongs_to_collection": false, "budget": 22000000, "genres": ["Drama"], "id": 10950, "release_date": "2001-12-28", "revenue": 92542418, "runtime": 132, "title": "I Am Sam"}, {"belongs_to_collection": true, "budget": 14000000, "genres": ["Horror", "Thriller"], "id": 9877, "release_date": "1998-09-25", "revenue": 72527595, "runtime": 100, "title": "Urban Legend"}, {"belongs_to_collection": false, "budget": 0, "genres": ["Drama"], "id": 290542, "release_date": "2014-10-10", "revenue": 11486, "runtime": 104, "title": "You're Not You"}, {"belongs_to_collection": true, "budget": 7000000, "genres": ["Adventure", "Animation", "Comedy", "Family"], "id": 276905, "release_date": "2016-01-14", "revenue": 17062499, "runtime": 86, "title": "Norm of the North"}, {"belongs_to_collection": false, "budget": 70000000, "genres": ["Drama"], "id": 1125, "release_date": "2006-12-25", "revenue": 154937680, "runtime": 134, "title": "Dreamgirls"}, {"belongs_to_collection": true, "budget": 20000000, "genres": ["Adventure", "Comedy", "Family", "Romance"], "id": 14405, "release_date": "2008-10-03", "revenue": 149281606, "runtime": 91, "title": "Beverly Hills Chihuahua"}, {"belongs_to_collection": false, "budget": 21000000, "genres": ["Comedy"], "id": 34803, "release_date": "2010-04-15", "revenue": 49050886, "runtime": 92, "title": "Death at a Funeral"}, {"belongs_to_collection": false, "budget": 20000000, "genres": ["Animation", "Adventure", "Family"], "id": 172391, "release_date": "2013-07-18", "revenue": 27187375, "runtime": 85, "title": "Khumba"}, {"belongs_to_collection": true, "budget": 14000000, "genres": ["Horror", "Mystery", "Thriller"], "id": 12212, "release_date": "2000-09-22", "revenue": 38574362, "runtime": 97, "title": "Urban Legends: Final Cut"}, {"belongs_to_collection": true, "budget": 12000000, "genres": ["Comedy", "Family"], "id": 54540, "release_date": "2011-02-01", "revenue": 0, "runtime": 84, "title": "Beverly Hills Chihuahua 2"}, {"belongs_to_collection": false, "budget": 0, "genres": ["Comedy"], "id": 433251, "release_date": "2017-08-11", "revenue": 0, "runtime": 96, "title": "Naked"}, {"belongs_to_collection": false, "budget": 40000000, "genres": ["Fantasy", "Drama", "Comedy", "Family", "Romance"], "id": 21539, "release_date": "1996-12-13", "revenue": 48093211, "runtime": 124, "title": "The Preacher's Wife"}, {"belongs_to_collection": false, "budget": 6600000, "genres": ["Comedy"], "id": 57119, "release_date": "2011-05-06", "revenue": 37710610, "runtime": 112, "title": "Jumping the Broom"}, {"belongs_to_collection": false, "budget": 0, "genres": ["Comedy", "Drama"], "id": 284537, "release_date": "2014-09-05", "revenue": 0, "runtime": 105, "title": "Welcome to Me"}, {"belongs_to_collection": true, "budget": 25000000, "genres": ["Comedy", "Drama"], "id": 51017, "release_date": "2011-04-22", "revenue": 53213633, "runtime": 106, "title": "Madea's Big Happy Family"}, {"belongs_to_collection": false, "budget": 0, "genres": ["Action", "Comedy"], "id": 14423, "release_date": "2008-01-11", "revenue": 38804615, "runtime": 96, "title": "First Sunday"}, {"belongs_to_collection": false, "budget": 0, "genres": ["Comedy"], "id": 41382, "release_date": "2010-08-20", "revenue": 0, "runtime": 99, "title": "Lottery Ticket"}, {"belongs_to_collection": false, "budget": 0, "genres": ["Action", "Comedy"], "id": 31000, "release_date": "1993-03-05", "revenue": 0, "runtime": 96, "title": "Amos & Andrew"}]}, "Hattie McDaniel": {"id": 11498, "results": [{"belongs_to_collection": false, "budget": 4000000, "genres": ["Drama", "Romance", "War"], "id": 770, "release_date": "1939-12-15", "revenue": 400176459, "runtime": 233, "title": "Gone with the Wind"}, {"belongs_to_collection": false, "budget": 0, "genres": ["Family", "Music"], "id": 13850, "release_date": "1946-11-12", "revenue": 0, "runtime": 91, "title": "Song of the South"}, {"belongs_to_collection": false, "budget": 0, "genres": ["Comedy", "Drama", "Romance"], "id": 43886, "release_date": "1935-08-23", "revenue": 0, "runtime": 99, "title": "Alice Adams"}, {"belongs_to_collection": false, "budget": 0, "genres": ["Documentary", "TV Movie"], "id": 253639, "release_date": "2014-02-02", "revenue": 0, "runtime": 100, "title": "And the Oscar Goes To..."}, {"belongs_to_collection": false, "budget": 0, "genres": ["Comedy", "Romance"], "id": 31773, "release_date": "1936-10-09", "revenue": 0, "runtime": 98, "title": "Libeled Lady"}, {"belongs_to_collection": false, "budget": 0, "genres": ["Drama", "Romance", "War"], "id": 99318, "release_date": "1938-07-15", "revenue": 0, "runtime": 85, "title": "The Shopworn Angel"}, {"belongs_to_collection": false, "budget": 0, "genres": ["Drama"], "id": 34474, "release_date": "1932-09-09", "revenue": 0, "runtime": 93, "title": "Blonde Venus"}, {"belongs_to_collection": false, "budget": 0, "genres": ["Drama", "Romance", "War"], "id": 42401, "release_date": "1944-07-20", "revenue": 0, "runtime": 172, "title": "Since You Went Away"}, {"belongs_to_collection": false, "budget": 0, "genres": ["Comedy", "Drama", "Romance"], "id": 37650, "release_date": "1937-11-25", "revenue": 0, "runtime": 77, "title": "Nothing Sacred"}, {"belongs_to_collection": false, "budget": 0, "genres": ["Drama", "Romance", "War", "Western"], "id": 17382, "release_date": "1941-11-01", "revenue": 0, "runtime": 140, "title": "They Died with Their Boots On"}, {"belongs_to_collection": false, "budget": 0, "genres": ["Comedy", "Drama"], "id": 23024, "release_date": "1934-09-28", "revenue": 0, "runtime": 80, "title": "Judge Priest"}, {"belongs_to_collection": false, "budget": 0, "genres": ["Comedy", "Romance"], "id": 33630, "release_date": "1938-08-31", "revenue": 0, "runtime": 90, "title": "Vivacious Lady"}, {"belongs_to_collection": false, "budget": 0, "genres": ["Drama"], "id": 43705, "release_date": "1941-04-12", "revenue": 0, "runtime": 108, "title": "The Great Lie"}, {"belongs_to_collection": false, "budget": 0, "genres": ["Comedy", "Music", "Romance"], "id": 29872, "release_date": "1938-09-02", "revenue": 0, "runtime": 83, "title": "Carefree"}, {"belongs_to_collection": false, "budget": 35000, "genres": ["Thriller", "Drama", "Mystery", "Horror", "Science Fiction"], "id": 28439, "release_date": "1935-10-01", "revenue": 0, "runtime": 53, "title": "Murder by Television"}, {"belongs_to_collection": false, "budget": 0, "genres": ["Comedy", "Music"], "id": 43514, "release_date": "1943-09-25", "revenue": 0, "runtime": 127, "title": "Thank Your Lucky Stars"}, {"belongs_to_collection": false, "budget": 0, "genres": ["Comedy", "Romance"], "id": 112618, "release_date": "1936-07-10", "revenue": 0, "runtime": 75, "title": "The Bride Walks Out"}, {"belongs_to_collection": false, "budget": 1138000, "genres": ["Adventure", "Action", "Drama"], "id": 71282, "release_date": "1935-08-09", "revenue": 0, "runtime": 87, "title": "China Seas"}, {"belongs_to_collection": false, "budget": 0, "genres": ["Action", "Drama", "Romance"], "id": 59822, "release_date": "1949-11-04", "revenue": 0, "runtime": 92, "title": "The Big Wheel"}, {"belongs_to_collection": false, "budget": 0, "genres": ["Music", "Comedy", "Drama"], "id": 31548, "release_date": "1936-05-17", "revenue": 0, "runtime": 113, "title": "Show Boat"}]}, "Octavia Spencer": {"id": 6944, "results": [{"belongs_to_collection": true, "budget": 110000000, "genres": ["Action", "Adventure", "Science Fiction", "Thriller"], "id": 262500, "release_date": "2015-03-18", "revenue": 295238201, "runtime": 119, "title": "Insurgent"}, {"belongs_to_collection": false, "budget": 5000000, "genres": ["Thriller", "Horror"], "id": 502416, "release_date": "2019-05-29", "revenue": 51749995, "runtime": 99, "title": "Ma"}, {"belongs_to_collection": false, "budget": 150000000, "genres": ["Animation", "Adventure", "Family", "Comedy"], "id": 269149, "release_date": "2016-02-11", "revenue": 1023784195, "runtime": 109, "title": "Zootopia"}, {"belongs_to_collection": false, "budget": 25000000, "genres": ["Drama", "History"], "id": 381284, "release_date": "2016-12-10", "revenue": 230698791, "runtime": 127, "title": "Hidden Figures"}, {"belongs_to_collection": false, "budget": 19500000, "genres": ["Drama", "Fantasy", "Romance"], "id": 399055, "release_date": "2017-12-01", "revenue": 194989655, "runtime": 123, "title": "The Shape of Water"}, {"belongs_to_collection": false, "budget": 48000000, "genres": ["Comedy", "Drama", "Family"], "id": 491418, "release_date": "2018-11-16", "revenue": 14700000, "runtime": 118, "title": "Instant Family"}, {"belongs_to_collection": true, "budget": 139000000, "genres": ["Fantasy", "Action"], "id": 557, "release_date": "2002-05-01", "revenue": 821708551, "runtime": 121, "title": "Spider-Man"}, {"belongs_to_collection": true, "budget": 110000000, "genres": ["Adventure", "Science Fiction", "Action", "Mystery"], "id": 262504, "release_date": "2016-03-09", "revenue": 179246868, "runtime": 121, "title": "Allegiant"}, {"belongs_to_collection": false, "budget": 7000000, "genres": ["Drama", "Family", "Comedy"], "id": 400928, "release_date": "2017-04-12", "revenue": 40343446, "runtime": 101, "title": "Gifted"}, {"belongs_to_collection": false, "budget": 39200000, "genres": ["Action", "Science Fiction", "Drama"], "id": 110415, "release_date": "2013-08-01", "revenue": 86758912, "runtime": 127, "title": "Snowpiercer"}, {"belongs_to_collection": false, "budget": 30000000, "genres": ["Horror", "Thriller"], "id": 16871, "release_date": "2009-03-15", "revenue": 90810892, "runtime": 99, "title": "Drag Me to Hell"}, {"belongs_to_collection": true, "budget": 45000000, "genres": ["Comedy"], "id": 10327, "release_date": "2003-07-02", "revenue": 124914842, "runtime": 95, "title": "Legally Blonde 2: Red, White & Blonde"}, {"belongs_to_collection": false, "budget": 13000000, "genres": ["Comedy", "Drama", "Fantasy"], "id": 492, "release_date": "1999-10-29", "revenue": 22863596, "runtime": 113, "title": "Being John Malkovich"}, {"belongs_to_collection": false, "budget": 65000000, "genres": ["Action", "Comedy", "Crime"], "id": 11001, "release_date": "1999-09-17", "revenue": 117758500, "runtime": 93, "title": "Blue Streak"}, {"belongs_to_collection": true, "budget": 90000000, "genres": ["Adventure", "Family", "Fantasy"], "id": 76285, "release_date": "2013-08-07", "revenue": 199850315, "runtime": 106, "title": "Percy Jackson: Sea of Monsters"}, {"belongs_to_collection": true, "budget": 80000000, "genres": ["Action", "Thriller", "Crime"], "id": 9257, "release_date": "2003-08-08", "revenue": 116643346, "runtime": 117, "title": "S.W.A.T."}, {"belongs_to_collection": false, "budget": 0, "genres": ["Drama", "Fantasy", "Mystery", "Science Fiction", "Thriller"], "id": 12994, "release_date": "2007-01-21", "revenue": 0, "runtime": 100, "title": "The Nines"}, {"belongs_to_collection": true, "budget": 30000000, "genres": ["Crime", "Comedy"], "id": 9600, "release_date": "2000-05-31", "revenue": 173959438, "runtime": 98, "title": "Big Momma's House"}, {"belongs_to_collection": false, "budget": 25000000, "genres": ["Drama"], "id": 50014, "release_date": "2011-08-09", "revenue": 124272124, "runtime": 146, "title": "The Help"}, {"belongs_to_collection": false, "budget": 40000000, "genres": ["Crime", "Drama", "Thriller"], "id": 1645, "release_date": "1996-07-24", "revenue": 152266007, "runtime": 149, "title": "A Time to Kill"}]}, "Niecy Nash": {"id": 63231, "results": [{"belongs_to_collection": false, "budget": 150000000, "genres": ["Fantasy", "Action", "Adventure", "Family", "Comedy"], "id": 19585, "release_date": "2009-07-21", "revenue": 292817841, "runtime": 88, "title": "G-Force"}, {"belongs_to_collection": false, "budget": 40000000, "genres": ["Comedy", "Romance", "Drama"], "id": 18240, "release_date": "2009-06-01", "revenue": 317375031, "runtime": 108, "title": "The Proposal"}, {"belongs_to_collection": false, "budget": 85000000, "genres": ["Animation", "Comedy", "Family", "Adventure", "Fantasy"], "id": 12222, "release_date": "2008-03-03", "revenue": 297138014, "runtime": 88, "title": "Horton Hears a Who!"}, {"belongs_to_collection": false, "budget": 68000000, "genres": ["Comedy", "Drama", "Science Fiction"], "id": 301337, "release_date": "2017-12-22", "revenue": 55003890, "runtime": 135, "title": "Downsizing"}, {"belongs_to_collection": false, "budget": 20000000, "genres": ["History", "Drama"], "id": 273895, "release_date": "2014-12-25", "revenue": 66787908, "runtime": 127, "title": "Selma"}, {"belongs_to_collection": false, "budget": 10000000, "genres": ["Action", "Adventure", "Comedy", "Crime"], "id": 10090, "release_date": "2007-02-23", "revenue": 20342161, "runtime": 84, "title": "Reno 911!: Miami"}, {"belongs_to_collection": false, "budget": 10, "genres": ["Horror", "Thriller"], "id": 78383, "release_date": "2013-09-28", "revenue": 10000000, "runtime": 99, "title": "Nurse 3-D"}, {"belongs_to_collection": false, "budget": 0, "genres": ["Comedy"], "id": 174343, "release_date": "2013-04-20", "revenue": 0, "runtime": 90, "title": "Trust Me"}, {"belongs_to_collection": false, "budget": 15000000, "genres": ["Comedy", "Crime"], "id": 13411, "release_date": "2003-04-10", "revenue": 34000000, "runtime": 86, "title": "Malibu's Most Wanted"}, {"belongs_to_collection": false, "budget": 20000000, "genres": ["Action", "Comedy", "Crime"], "id": 14396, "release_date": "2007-01-05", "revenue": 10337477, "runtime": 84, "title": "Code Name: The Cleaner"}, {"belongs_to_collection": false, "budget": 10000000, "genres": ["Comedy", "Drama", "Thriller"], "id": 9465, "release_date": "1999-01-22", "revenue": 10920544, "runtime": 118, "title": "Cookie's Fortune"}, {"belongs_to_collection": false, "budget": 0, "genres": ["Comedy"], "id": 370301, "release_date": "2007-11-17", "revenue": 0, "runtime": 98, "title": "Cook-Off!"}, {"belongs_to_collection": false, "budget": 0, "genres": ["Drama", "Romance"], "id": 14834, "release_date": "2009-01-09", "revenue": 0, "runtime": 99, "title": "Not Easily Broken"}, {"belongs_to_collection": false, "budget": 0, "genres": ["Comedy", "Romance"], "id": 167177, "release_date": "2004-10-17", "revenue": 302990, "runtime": 104, "title": "Hair Show"}, {"belongs_to_collection": false, "budget": 0, "genres": ["Adventure", "Animation", "Comedy", "Family", "Fantasy"], "id": 246439, "release_date": "2005-10-17", "revenue": 0, "runtime": 92, "title": "Here Comes Peter Cottontail: The Movie"}, {"belongs_to_collection": false, "budget": 0, "genres": ["Comedy", "Documentary"], "id": 37040, "release_date": "2009-01-01", "revenue": 0, "runtime": 95, "title": "Why We Laugh: Black Comedians on Black Comedy"}, {"belongs_to_collection": false, "budget": 0, "genres": ["Music"], "id": 492077, "release_date": "2017-12-14", "revenue": 0, "runtime": 61, "title": "Taraji's White Hot Holiday Special"}]}, "Phylicia Rashad": {"id": 119598, "results": [{"belongs_to_collection": true, "budget": 50000000, "genres": ["Drama"], "id": 480530, "release_date": "2018-11-21", "revenue": 137944327, "runtime": 130, "title": "Creed II"}, {"belongs_to_collection": true, "budget": 37000000, "genres": ["Drama"], "id": 312221, "release_date": "2015-11-25", "revenue": 173567581, "runtime": 133, "title": "Creed"}, {"belongs_to_collection": false, "budget": 0, "genres": ["Comedy", "Drama", "Romance"], "id": 38093, "release_date": "2010-05-14", "revenue": 21520719, "runtime": 100, "title": "Just Wright"}, {"belongs_to_collection": false, "budget": 0, "genres": ["Comedy", "TV Movie"], "id": 458506, "release_date": "2017-07-08", "revenue": 0, "runtime": 41, "title": "Tour de Pharmacy"}, {"belongs_to_collection": false, "budget": 0, "genres": ["Comedy", "Drama", "Romance"], "id": 62008, "release_date": "2012-02-23", "revenue": 0, "runtime": 111, "title": "Good Deeds"}, {"belongs_to_collection": false, "budget": 0, "genres": ["Drama"], "id": 44944, "release_date": "2010-11-05", "revenue": 37000000, "runtime": 134, "title": "For Colored Girls"}, {"belongs_to_collection": false, "budget": 0, "genres": ["Drama", "Thriller", "TV Movie"], "id": 69945, "release_date": "1996-01-22", "revenue": 0, "runtime": 86, "title": "The Babysitter's Seduction"}, {"belongs_to_collection": false, "budget": 0, "genres": ["Drama", "Thriller"], "id": 55061, "release_date": "2014-04-04", "revenue": 693181, "runtime": 101, "title": "Frankie & Alice"}, {"belongs_to_collection": false, "budget": 0, "genres": ["Family", "Animation"], "id": 427772, "release_date": "1988-11-13", "revenue": 0, "runtime": 45, "title": "Mickey's 60th Birthday"}, {"belongs_to_collection": false, "budget": 0, "genres": ["TV Movie", "Mystery"], "id": 238293, "release_date": "2001-05-02", "revenue": 0, "runtime": 105, "title": "Murder, She Wrote: The Last Free Man"}, {"belongs_to_collection": false, "budget": 0, "genres": ["Romance", "Drama", "TV Movie"], "id": 136718, "release_date": "2012-10-07", "revenue": 0, "runtime": 90, "title": "Steel Magnolias"}, {"belongs_to_collection": false, "budget": 0, "genres": ["Drama"], "id": 25781, "release_date": "2008-02-25", "revenue": 0, "runtime": 131, "title": "A Raisin in the Sun"}, {"belongs_to_collection": false, "budget": 0, "genres": ["History", "Drama"], "id": 331472, "release_date": "1987-06-14", "revenue": 0, "runtime": 110, "title": "Uncle Tom's Cabin"}, {"belongs_to_collection": false, "budget": 0, "genres": ["Drama"], "id": 244117, "release_date": "2015-08-29", "revenue": 0, "runtime": 88, "title": "Emily & Tim"}, {"belongs_to_collection": false, "budget": 0, "genres": ["TV Movie", "Family", "Comedy", "Drama"], "id": 54379, "release_date": "2011-01-08", "revenue": 0, "runtime": 90, "title": "Change of Plans"}, {"belongs_to_collection": false, "budget": 0, "genres": ["Family", "Music"], "id": 267597, "release_date": "1990-11-18", "revenue": 0, "runtime": 100, "title": "Polly: Comin' Home!"}, {"belongs_to_collection": false, "budget": 0, "genres": ["Family"], "id": 74972, "release_date": "1989-11-12", "revenue": 0, "runtime": 100, "title": "Polly"}, {"belongs_to_collection": false, "budget": 0, "genres": ["Drama"], "id": 70282, "release_date": "2001-04-20", "revenue": 0, "runtime": 107, "title": "The Visit"}, {"belongs_to_collection": false, "budget": 0, "genres": ["Horror", "Drama", "Thriller"], "id": 354485, "release_date": "1995-05-02", "revenue": 0, "runtime": 105, "title": "The Possession of Michael D."}, {"belongs_to_collection": false, "budget": 0, "genres": ["Romance", "Drama"], "id": 146599, "release_date": "1996-01-26", "revenue": 0, "runtime": 115, "title": "Once Upon a Time... When We Were Colored"}]}, "Keshia Knight Pulliam": {"id": 84206, "results": [{"belongs_to_collection": true, "budget": 25000000, "genres": ["Comedy", "Romance"], "id": 14177, "release_date": "2005-06-02", "revenue": 36351350, "runtime": 105, "title": "Beauty Shop"}, {"belongs_to_collection": false, "budget": 10000000, "genres": ["Action", "Adventure", "Comedy"], "id": 13938, "release_date": "1985-03-22", "revenue": 25754284, "runtime": 108, "title": "The Last Dragon"}, {"belongs_to_collection": true, "budget": 0, "genres": ["Comedy", "Crime", "Drama"], "id": 15670, "release_date": "2009-02-16", "revenue": 90508336, "runtime": 103, "title": "Madea Goes to Jail"}, {"belongs_to_collection": false, "budget": 0, "genres": ["Adventure", "Comedy", "Family"], "id": 101135, "release_date": "1989-12-18", "revenue": 0, "runtime": 96, "title": "A Connecticut Yankee in King Arthur's Court"}, {"belongs_to_collection": false, "budget": 0, "genres": ["Drama", "Music"], "id": 25517, "release_date": "2005-10-07", "revenue": 0, "runtime": 105, "title": "The Gospel"}, {"belongs_to_collection": false, "budget": 0, "genres": ["Action", "Adventure", "Thriller"], "id": 32010, "release_date": "2008-04-15", "revenue": 0, "runtime": 90, "title": "Death Toll"}, {"belongs_to_collection": true, "budget": 0, "genres": ["Drama", "Action", "Thriller", "Mystery", "Romance"], "id": 39291, "release_date": "2004-02-24", "revenue": 0, "runtime": 87, "title": "Motives"}, {"belongs_to_collection": false, "budget": 0, "genres": ["Family", "TV Movie"], "id": 552011, "release_date": "2018-11-25", "revenue": 0, "runtime": 88, "title": "Jingle Belle"}, {"belongs_to_collection": false, "budget": 0, "genres": ["Romance"], "id": 430654, "release_date": "2015-06-27", "revenue": 0, "runtime": 84, "title": "Will To Love"}, {"belongs_to_collection": false, "budget": 0, "genres": ["Family", "Music"], "id": 267597, "release_date": "1990-11-18", "revenue": 0, "runtime": 100, "title": "Polly: Comin' Home!"}, {"belongs_to_collection": false, "budget": 0, "genres": [], "id": 139425, "release_date": "1987-01-01", "revenue": 0, "runtime": 96, "title": "The Little Match Girl"}, {"belongs_to_collection": false, "budget": 0, "genres": ["Family"], "id": 74972, "release_date": "1989-11-12", "revenue": 0, "runtime": 100, "title": "Polly"}, {"belongs_to_collection": false, "budget": 0, "genres": [], "id": 626280, "release_date": "2019-11-09", "revenue": 0, "runtime": 90, "title": "Radio Christmas"}, {"belongs_to_collection": false, "budget": 0, "genres": ["Family", "Drama"], "id": 55264, "release_date": "1987-12-21", "revenue": 0, "runtime": null, "title": "Das M\u00e4dchen mit den Wunderh\u00f6lzern"}, {"belongs_to_collection": false, "budget": 0, "genres": ["Family"], "id": 100103, "release_date": "2004-12-04", "revenue": 0, "runtime": 120, "title": "Christmas at Water's Edge"}, {"belongs_to_collection": false, "budget": 0, "genres": [], "id": 249055, "release_date": "2013-08-10", "revenue": 0, "runtime": null, "title": "The Love Letter"}, {"belongs_to_collection": false, "budget": 0, "genres": ["Drama", "Family"], "id": 598037, "release_date": "2002-05-31", "revenue": 0, "runtime": 88, "title": "What About Your Friends: Weekend Get-Away"}]}, "Whoopi Goldberg": {"id": 2395, "results": [{"belongs_to_collection": true, "budget": 125000000, "genres": ["Science Fiction", "Action", "Adventure", "Fantasy", "Comedy"], "id": 98566, "release_date": "2014-08-07", "revenue": 477200000, "runtime": 101, "title": "Teenage Mutant Ninja Turtles"}, {"belongs_to_collection": true, "budget": 45000000, "genres": ["Family", "Animation", "Drama"], "id": 8587, "release_date": "1994-05-07", "revenue": 987483777, "runtime": 89, "title": "The Lion King"}, {"belongs_to_collection": true, "budget": 200000000, "genres": ["Animation", "Family", "Comedy"], "id": 10193, "release_date": "2010-06-16", "revenue": 1066969703, "runtime": 103, "title": "Toy Story 3"}, {"belongs_to_collection": true, "budget": 0, "genres": ["Animation", "Comedy", "Family"], "id": 11430, "release_date": "2004-02-06", "revenue": 0, "runtime": 77, "title": "The Lion King 1\u00bd"}, {"belongs_to_collection": false, "budget": 22000000, "genres": ["Comedy"], "id": 12121, "release_date": "1993-05-27", "revenue": 0, "runtime": 111, "title": "Made in America"}, {"belongs_to_collection": true, "budget": 38000000, "genres": ["Music", "Comedy"], "id": 6279, "release_date": "1993-12-09", "revenue": 57319029, "runtime": 107, "title": "Sister Act 2: Back in the Habit"}, {"belongs_to_collection": false, "budget": 15000000, "genres": ["Drama"], "id": 873, "release_date": "1985-12-18", "revenue": 146292009, "runtime": 154, "title": "The Color Purple"}, {"belongs_to_collection": false, "budget": 48000000, "genres": ["Adventure", "Comedy"], "id": 9896, "release_date": "2001-08-17", "revenue": 85498534, "runtime": 112, "title": "Rat Race"}, {"belongs_to_collection": false, "budget": 8000000, "genres": ["Comedy", "Drama", "Crime"], "id": 10403, "release_date": "1992-04-03", "revenue": 21706101, "runtime": 124, "title": "The Player"}, {"belongs_to_collection": false, "budget": 22000000, "genres": ["Fantasy", "Drama", "Thriller", "Mystery", "Romance"], "id": 251, "release_date": "1990-07-12", "revenue": 505000000, "runtime": 127, "title": "Ghost"}, {"belongs_to_collection": true, "budget": 60000000, "genres": ["Science Fiction", "Action", "Adventure", "Thriller"], "id": 201, "release_date": "2002-12-13", "revenue": 67312826, "runtime": 117, "title": "Star Trek: Nemesis"}, {"belongs_to_collection": false, "budget": 30000000, "genres": ["Comedy"], "id": 6439, "release_date": "2005-01-06", "revenue": 93772522, "runtime": 102, "title": "Racing Stripes"}, {"belongs_to_collection": false, "budget": 40000000, "genres": ["Drama"], "id": 3558, "release_date": "1999-12-21", "revenue": 48350205, "runtime": 127, "title": "Girl, Interrupted"}, {"belongs_to_collection": false, "budget": 0, "genres": ["Comedy", "Crime", "Action"], "id": 9644, "release_date": "1993-02-04", "revenue": 0, "runtime": 84, "title": "National Lampoon's Loaded Weapon 1"}, {"belongs_to_collection": true, "budget": 0, "genres": ["Family", "Action", "Comedy", "Adventure"], "id": 417320, "release_date": "2017-07-21", "revenue": 0, "runtime": 111, "title": "Descendants 2"}, {"belongs_to_collection": false, "budget": 27000000, "genres": ["Fantasy", "Science Fiction", "Family", "Animation"], "id": 15139, "release_date": "1994-11-23", "revenue": 13670688, "runtime": 80, "title": "The Pagemaster"}, {"belongs_to_collection": false, "budget": 0, "genres": ["Documentary"], "id": 158999, "release_date": "2013-06-07", "revenue": 2063312, "runtime": 83, "title": "Blackfish"}, {"belongs_to_collection": true, "budget": 45000000, "genres": ["Comedy", "Family", "Music"], "id": 64328, "release_date": "2011-11-22", "revenue": 165184237, "runtime": 103, "title": "The Muppets"}, {"belongs_to_collection": false, "budget": 0, "genres": ["Documentary", "Music"], "id": 391698, "release_date": "2016-09-15", "revenue": 12283800, "runtime": 99, "title": "The Beatles: Eight Days a Week - The Touring Years"}, {"belongs_to_collection": false, "budget": 75000000, "genres": ["Adventure", "Fantasy", "Animation", "Action", "Comedy", "Science Fiction"], "id": 23685, "release_date": "2001-02-23", "revenue": 5409517, "runtime": 93, "title": "Monkeybone"}]}, "Alfre Woodard": {"id": 1981, "results": [{"belongs_to_collection": false, "budget": 260000000, "genres": ["Adventure", "Animation", "Family", "Drama", "Action"], "id": 420818, "release_date": "2019-07-12", "revenue": 1629492304, "runtime": 118, "title": "The Lion King"}, {"belongs_to_collection": true, "budget": 240000000, "genres": ["Adventure", "Action", "Science Fiction"], "id": 271110, "release_date": "2016-04-27", "revenue": 1153304495, "runtime": 147, "title": "Captain America: Civil War"}, {"belongs_to_collection": false, "budget": 42000000, "genres": ["Drama", "Horror", "Mystery", "Science Fiction", "Thriller"], "id": 10145, "release_date": "2004-09-24", "revenue": 117575636, "runtime": 91, "title": "The Forgotten"}, {"belongs_to_collection": true, "budget": 6500000, "genres": ["Horror"], "id": 250546, "release_date": "2014-10-02", "revenue": 257047661, "runtime": 99, "title": "Annabelle"}, {"belongs_to_collection": false, "budget": 20000000, "genres": ["Drama", "History"], "id": 76203, "release_date": "2013-10-18", "revenue": 187000000, "runtime": 134, "title": "12 Years a Slave"}, {"belongs_to_collection": false, "budget": 127500000, "genres": ["Animation", "Family"], "id": 10567, "release_date": "2000-05-19", "revenue": 354248063, "runtime": 82, "title": "Dinosaur"}, {"belongs_to_collection": false, "budget": 48000000, "genres": ["Drama", "Science Fiction"], "id": 167, "release_date": "2001-10-22", "revenue": 50315140, "runtime": 120, "title": "K-PAX"}, {"belongs_to_collection": false, "budget": 30000000, "genres": ["Crime", "Drama", "Mystery", "Thriller"], "id": 1592, "release_date": "1996-03-06", "revenue": 102616183, "runtime": 129, "title": "Primal Fear"}, {"belongs_to_collection": true, "budget": 46000000, "genres": ["Science Fiction", "Action", "Adventure", "Thriller"], "id": 199, "release_date": "1996-11-21", "revenue": 150000000, "runtime": 111, "title": "Star Trek: First Contact"}, {"belongs_to_collection": false, "budget": 60000000, "genres": ["Action", "Thriller", "Adventure", "Science Fiction"], "id": 9341, "release_date": "2003-03-28", "revenue": 74208267, "runtime": 136, "title": "The Core"}, {"belongs_to_collection": false, "budget": 30000000, "genres": ["Comedy", "Music", "Drama"], "id": 12763, "release_date": "2006-03-17", "revenue": 34742066, "runtime": 108, "title": "Take the Lead"}, {"belongs_to_collection": false, "budget": 32000000, "genres": ["Fantasy", "Comedy", "Drama"], "id": 9647, "release_date": "1988-11-22", "revenue": 60328558, "runtime": 101, "title": "Scrooged"}, {"belongs_to_collection": false, "budget": 0, "genres": ["Fantasy", "Drama", "Comedy", "Romance"], "id": 12187, "release_date": "1993-08-13", "revenue": 16589540, "runtime": 104, "title": "Heart and Souls"}, {"belongs_to_collection": false, "budget": 32000000, "genres": ["Drama"], "id": 13920, "release_date": "2003-10-24", "revenue": 52277485, "runtime": 109, "title": "Radio"}, {"belongs_to_collection": false, "budget": 20000000, "genres": ["Action", "Comedy", "Drama", "Romance"], "id": 14736, "release_date": "2000-04-21", "revenue": 27728118, "runtime": 124, "title": "Love & Basketball"}, {"belongs_to_collection": true, "budget": 25000000, "genres": ["Comedy", "Romance"], "id": 14177, "release_date": "2005-06-02", "revenue": 36351350, "runtime": 105, "title": "Beauty Shop"}, {"belongs_to_collection": false, "budget": 0, "genres": ["Drama"], "id": 13697, "release_date": "1991-12-25", "revenue": 0, "runtime": 134, "title": "Grand Canyon"}, {"belongs_to_collection": false, "budget": 0, "genres": ["Drama", "Thriller"], "id": 309242, "release_date": "2015-07-04", "revenue": 130541, "runtime": 108, "title": "Mississippi Grind"}, {"belongs_to_collection": false, "budget": 35000000, "genres": ["Animation", "Adventure", "Family"], "id": 14317, "release_date": "2002-12-20", "revenue": 0, "runtime": 85, "title": "The Wild Thornberrys Movie"}, {"belongs_to_collection": false, "budget": 10000000, "genres": ["Drama", "Romance"], "id": 11861, "release_date": "1995-10-06", "revenue": 23574130, "runtime": 116, "title": "How to Make an American Quilt"}]}, "Mo'Nique": {"id": 60561, "results": [{"belongs_to_collection": false, "budget": 16000000, "genres": ["Romance", "Comedy"], "id": 12657, "release_date": "2004-05-28", "revenue": 14822346, "runtime": 86, "title": "Soul Plane"}, {"belongs_to_collection": false, "budget": 10000000, "genres": ["Drama"], "id": 25793, "release_date": "2009-11-06", "revenue": 47536959, "runtime": 110, "title": "Precious"}, {"belongs_to_collection": false, "budget": 50000000, "genres": ["Action", "Crime"], "id": 9923, "release_date": "2005-09-22", "revenue": 22944502, "runtime": 127, "title": "Domino"}, {"belongs_to_collection": false, "budget": 16000000, "genres": ["Crime", "Drama", "Romance", "Thriller"], "id": 16161, "release_date": "2001-06-27", "revenue": 29381649, "runtime": 130, "title": "Baby Boy"}, {"belongs_to_collection": false, "budget": 35000000, "genres": ["Comedy", "Drama"], "id": 13490, "release_date": "2008-02-08", "revenue": 43650785, "runtime": 114, "title": "Welcome Home Roscoe Jenkins"}, {"belongs_to_collection": false, "budget": 0, "genres": ["Action", "Crime", "Drama", "Thriller"], "id": 9921, "release_date": "2005-09-09", "revenue": 0, "runtime": 93, "title": "Shadowboxer"}, {"belongs_to_collection": false, "budget": 6000000, "genres": ["Comedy", "Romance"], "id": 25462, "release_date": "2001-09-07", "revenue": 0, "runtime": 90, "title": "Two Can Play That Game"}, {"belongs_to_collection": false, "budget": 0, "genres": ["Drama", "Music", "TV Movie"], "id": 330544, "release_date": "2015-05-16", "revenue": 0, "runtime": 107, "title": "Bessie"}, {"belongs_to_collection": false, "budget": 17000000, "genres": ["Comedy", "Drama"], "id": 340402, "release_date": "2016-11-11", "revenue": 42487325, "runtime": 111, "title": "Almost Christmas"}, {"belongs_to_collection": false, "budget": 0, "genres": ["Comedy", "Documentary"], "id": 12486, "release_date": "2006-12-01", "revenue": 0, "runtime": 80, "title": "Farce of the Penguins"}, {"belongs_to_collection": false, "budget": 6000000, "genres": ["Action", "Comedy", "Romance"], "id": 47816, "release_date": "2000-03-01", "revenue": 9000000, "runtime": 82, "title": "3 Strikes"}, {"belongs_to_collection": false, "budget": 0, "genres": ["Comedy"], "id": 34789, "release_date": "2006-01-01", "revenue": 0, "runtime": 94, "title": "Irish Jam"}, {"belongs_to_collection": false, "budget": 0, "genres": ["Drama"], "id": 287322, "release_date": "2014-02-16", "revenue": 0, "runtime": 99, "title": "Blackbird"}, {"belongs_to_collection": false, "budget": 0, "genres": ["Comedy"], "id": 35155, "release_date": "2001-01-27", "revenue": 0, "runtime": 79, "title": "The Queens of Comedy"}, {"belongs_to_collection": false, "budget": 0, "genres": ["Comedy", "Romance"], "id": 30139, "release_date": "2006-01-01", "revenue": 0, "runtime": 99, "title": "Phat Girlz"}, {"belongs_to_collection": false, "budget": 0, "genres": ["Comedy", "Romance"], "id": 167177, "release_date": "2004-10-17", "revenue": 302990, "runtime": 104, "title": "Hair Show"}, {"belongs_to_collection": false, "budget": 0, "genres": ["Comedy", "Drama"], "id": 61902, "release_date": "2003-01-22", "revenue": 0, "runtime": 119, "title": "Good Fences"}, {"belongs_to_collection": false, "budget": 0, "genres": ["Comedy"], "id": 519354, "release_date": "2004-06-01", "revenue": 0, "runtime": null, "title": "The Big Black Comedy Show, Vol. 1"}, {"belongs_to_collection": false, "budget": 0, "genres": ["Comedy"], "id": 115491, "release_date": "2007-04-03", "revenue": 0, "runtime": 70, "title": "Mo'nique: I Coulda Been Your Cellmate"}, {"belongs_to_collection": false, "budget": 0, "genres": ["Documentary"], "id": 402813, "release_date": "2016-03-08", "revenue": 0, "runtime": 28, "title": "The 4%: Film's Gender Problem"}]}, "Solange": {"id": 68609, "results": [{"belongs_to_collection": false, "budget": 0, "genres": ["Documentary", "Music"], "id": 593691, "release_date": "2019-04-17", "revenue": 0, "runtime": 137, "title": "Homecoming: A Film by Beyonc\u00e9"}, {"belongs_to_collection": false, "budget": 12000000, "genres": ["Comedy", "Family"], "id": 19084, "release_date": "2004-04-07", "revenue": 31179516, "runtime": 97, "title": "Johnson Family Vacation"}, {"belongs_to_collection": false, "budget": 0, "genres": ["Music"], "id": 585560, "release_date": "2019-03-01", "revenue": 0, "runtime": 33, "title": "When I Get Home"}, {"belongs_to_collection": true, "budget": 0, "genres": ["Comedy"], "id": 11211, "release_date": "2006-08-08", "revenue": 0, "runtime": 99, "title": "Bring It On: All or Nothing"}, {"belongs_to_collection": false, "budget": 100, "genres": ["Documentary", "Music"], "id": 268917, "release_date": "2014-06-15", "revenue": 0, "runtime": 77, "title": "The Past Is a Grotesque Animal"}, {"belongs_to_collection": false, "budget": 0, "genres": ["Music"], "id": 290392, "release_date": "2009-01-29", "revenue": 0, "runtime": 61, "title": "B.B. King: Soundstage - Live"}]}, "Jurnee Smollett-Bell": {"id": 59017, "results": [{"belongs_to_collection": false, "budget": 15000000, "genres": ["Drama"], "id": 14047, "release_date": "2007-12-27", "revenue": 30226144, "runtime": 126, "title": "The Great Debaters"}, {"belongs_to_collection": false, "budget": 45000000, "genres": ["Comedy", "Drama", "Science Fiction"], "id": 7095, "release_date": "1996-08-09", "revenue": 58620973, "runtime": 113, "title": "Jack"}, {"belongs_to_collection": false, "budget": 30000000, "genres": ["Action", "Drama"], "id": 9766, "release_date": "2006-09-15", "revenue": 41480851, "runtime": 125, "title": "Gridiron Gang"}, {"belongs_to_collection": false, "budget": 20000000, "genres": ["Drama"], "id": 184341, "release_date": "2016-08-26", "revenue": 0, "runtime": 105, "title": "Hands of Stone"}, {"belongs_to_collection": false, "budget": 75000000, "genres": ["Action", "Crime"], "id": 495764, "release_date": "2020-02-06", "revenue": 0, "runtime": null, "title": "Birds of Prey (And the Fantabulous Emancipation of One Harley Quinn)"}, {"belongs_to_collection": false, "budget": 0, "genres": ["Drama"], "id": 97006, "release_date": "2013-03-29", "revenue": 0, "runtime": 111, "title": "Temptation: Confessions of a Marriage Counselor"}, {"belongs_to_collection": false, "budget": 0, "genres": ["Comedy", "Drama", "Family"], "id": 14544, "release_date": "2005-09-23", "revenue": 0, "runtime": 112, "title": "Roll Bounce"}, {"belongs_to_collection": false, "budget": 0, "genres": ["Drama"], "id": 45153, "release_date": "1997-09-07", "revenue": 0, "runtime": 109, "title": "Eve's Bayou"}, {"belongs_to_collection": false, "budget": 0, "genres": ["Drama"], "id": 511858, "release_date": "2018-06-13", "revenue": 0, "runtime": 91, "title": "One Last Thing"}, {"belongs_to_collection": false, "budget": 0, "genres": ["Drama", "Action", "Comedy", "Thriller", "Romance"], "id": 32067, "release_date": "2000-06-09", "revenue": 0, "runtime": 98, "title": "Beautiful Joe"}, {"belongs_to_collection": false, "budget": 0, "genres": ["Drama", "Romance"], "id": 136832, "release_date": "2001-12-01", "revenue": 0, "runtime": 95, "title": "Ruby's Bucket of Blood"}, {"belongs_to_collection": false, "budget": 0, "genres": ["Drama"], "id": 247434, "release_date": "1999-01-17", "revenue": 0, "runtime": 94, "title": "Selma, Lord, Selma"}, {"belongs_to_collection": false, "budget": 0, "genres": [], "id": 524823, "release_date": "1991-07-07", "revenue": 0, "runtime": 30, "title": "Sunday in Paris"}]}, "Tika Sumpter": {"id": 110742, "results": [{"belongs_to_collection": false, "budget": 0, "genres": ["Comedy", "Crime", "Drama"], "id": 429203, "release_date": "2018-09-27", "revenue": 11277120, "runtime": 93, "title": "The Old Man & the Gun"}, {"belongs_to_collection": true, "budget": 25000000, "genres": ["Action", "Comedy"], "id": 168530, "release_date": "2014-01-07", "revenue": 153997819, "runtime": 99, "title": "Ride Along"}, {"belongs_to_collection": false, "budget": 110000000, "genres": ["Action", "Mystery", "Thriller"], "id": 27576, "release_date": "2010-07-21", "revenue": 293329073, "runtime": 100, "title": "Salt"}, {"belongs_to_collection": true, "budget": 40000000, "genres": ["Action", "Comedy"], "id": 323675, "release_date": "2016-01-14", "revenue": 124827316, "runtime": 102, "title": "Ride Along 2"}, {"belongs_to_collection": false, "budget": 0, "genres": ["Drama", "Music"], "id": 239566, "release_date": "2014-08-01", "revenue": 31911598, "runtime": 139, "title": "Get on Up"}, {"belongs_to_collection": false, "budget": 19000000, "genres": ["Comedy", "Drama", "Romance"], "id": 514619, "release_date": "2018-11-02", "revenue": 29152618, "runtime": 110, "title": "Nobody's Fool"}, {"belongs_to_collection": true, "budget": 12000000, "genres": ["Comedy", "Romance"], "id": 67660, "release_date": "2012-04-16", "revenue": 96070507, "runtime": 122, "title": "Think Like a Man"}, {"belongs_to_collection": false, "budget": 20000000, "genres": ["Comedy", "Romance"], "id": 63492, "release_date": "2011-09-30", "revenue": 30426096, "runtime": 106, "title": "What's Your Number?"}, {"belongs_to_collection": true, "budget": 0, "genres": ["Drama", "Music"], "id": 33473, "release_date": "2010-10-10", "revenue": 0, "runtime": 90, "title": "Stomp the Yard 2: Homecoming"}, {"belongs_to_collection": false, "budget": 1500000, "genres": ["Romance", "Drama"], "id": 310888, "release_date": "2016-08-26", "revenue": 6512004, "runtime": 80, "title": "Southside with You"}, {"belongs_to_collection": false, "budget": 90000000, "genres": ["Action", "Adventure", "Science Fiction", "Fantasy", "Comedy", "Family"], "id": 454626, "release_date": "2020-02-12", "revenue": 0, "runtime": null, "title": "Sonic the Hedgehog"}, {"belongs_to_collection": false, "budget": 0, "genres": ["Drama", "Music", "TV Movie"], "id": 330544, "release_date": "2015-05-16", "revenue": 0, "runtime": 107, "title": "Bessie"}, {"belongs_to_collection": false, "budget": 0, "genres": ["Thriller", "Drama"], "id": 553882, "release_date": "2019-01-18", "revenue": 0, "runtime": 102, "title": "An Acceptable Loss"}, {"belongs_to_collection": false, "budget": 14000000, "genres": ["Drama", "Music"], "id": 88036, "release_date": "2012-08-17", "revenue": 24637469, "runtime": 116, "title": "Sparkle"}, {"belongs_to_collection": true, "budget": 47000000, "genres": ["Comedy", "Drama"], "id": 175555, "release_date": "2013-12-13", "revenue": 53396354, "runtime": 100, "title": "A Madea Christmas"}, {"belongs_to_collection": false, "budget": 0, "genres": ["Comedy"], "id": 272160, "release_date": "2014-07-25", "revenue": 0, "runtime": 95, "title": "My Man Is a Loser"}]}, "Josephine Baker": {"id": 1148018, "results": [{"belongs_to_collection": false, "budget": 0, "genres": ["Comedy"], "id": 43603, "release_date": "1934-12-21", "revenue": 0, "runtime": 92, "title": "Zouzou"}, {"belongs_to_collection": false, "budget": 0, "genres": ["Music", "Drama"], "id": 42508, "release_date": "1927-12-30", "revenue": 0, "runtime": 86, "title": "Siren of the Tropics"}, {"belongs_to_collection": false, "budget": 0, "genres": ["Drama", "Comedy"], "id": 93057, "release_date": "1935-11-02", "revenue": 0, "runtime": 77, "title": "Princesse Tam-Tam"}, {"belongs_to_collection": false, "budget": 0, "genres": ["Comedy"], "id": 496493, "release_date": "1945-06-27", "revenue": 0, "runtime": 90, "title": "The French Way"}, {"belongs_to_collection": false, "budget": 0, "genres": ["Drama"], "id": 94703, "release_date": "1927-11-29", "revenue": 0, "runtime": 103, "title": "Parisian Pleasures"}, {"belongs_to_collection": false, "budget": 0, "genres": [], "id": 184430, "release_date": "1925-03-16", "revenue": 0, "runtime": 104, "title": "Ways to Strength and Beauty"}, {"belongs_to_collection": false, "budget": 0, "genres": ["Documentary", "Music"], "id": 228130, "release_date": "2002-02-08", "revenue": 0, "runtime": 80, "title": "It's Black Entertainment"}, {"belongs_to_collection": false, "budget": 0, "genres": ["Documentary", "History", "Music"], "id": 333351, "release_date": "1987-03-24", "revenue": 0, "runtime": 90, "title": "Chasing a Rainbow: The Life of Josephine Baker"}, {"belongs_to_collection": false, "budget": 0, "genres": [], "id": 324392, "release_date": "1955-02-08", "revenue": 0, "runtime": null, "title": "Carosello del variet\u00e0"}, {"belongs_to_collection": false, "budget": 0, "genres": ["Comedy"], "id": 166514, "release_date": "1928-03-01", "revenue": 0, "runtime": 8, "title": "The Fireman of the Folies-Bergere"}, {"belongs_to_collection": false, "budget": 0, "genres": ["Romance", "Comedy", "Music"], "id": 299771, "release_date": "1954-10-27", "revenue": 0, "runtime": 104, "title": "Ten on Every Finger"}, {"belongs_to_collection": false, "budget": 0, "genres": ["Documentary"], "id": 591517, "release_date": "2018-12-05", "revenue": 0, "runtime": null, "title": "Josephine Baker: The Story of an Awakening"}, {"belongs_to_collection": false, "budget": 0, "genres": ["Comedy"], "id": 537222, "release_date": "1927-02-01", "revenue": 0, "runtime": null, "title": "Die Frauen von Folies Berg\u00e8res"}, {"belongs_to_collection": false, "budget": 0, "genres": ["Documentary"], "id": 535153, "release_date": "2005-12-12", "revenue": 0, "runtime": 1018, "title": "Jornal Portugu\u00eas (1938-1951)"}, {"belongs_to_collection": false, "budget": 0, "genres": ["Documentary"], "id": 106878, "release_date": "2010-12-14", "revenue": 0, "runtime": null, "title": "Paris The Luminous Years"}]}, "Lonette McKee": {"id": 62127, "results": [{"belongs_to_collection": true, "budget": 18000000, "genres": ["Romance", "Music", "Family"], "id": 10028, "release_date": "2003-11-24", "revenue": 62646763, "runtime": 94, "title": "Honey"}, {"belongs_to_collection": false, "budget": 20000000, "genres": ["Comedy"], "id": 11064, "release_date": "1985-05-22", "revenue": 45833132, "runtime": 97, "title": "Brewster's Millions"}, {"belongs_to_collection": false, "budget": 34000000, "genres": ["Drama", "History"], "id": 1883, "release_date": "1992-11-18", "revenue": 48169908, "runtime": 202, "title": "Malcolm X"}, {"belongs_to_collection": false, "budget": 82343495, "genres": ["Drama"], "id": 11978, "release_date": "2000-09-13", "revenue": 48814909, "runtime": 129, "title": "Men of Honor"}, {"belongs_to_collection": true, "budget": 0, "genres": ["Comedy", "Drama", "Music"], "id": 63710, "release_date": "2011-06-23", "revenue": 0, "runtime": 110, "title": "Honey 2"}, {"belongs_to_collection": false, "budget": 14000000, "genres": ["Drama", "Romance"], "id": 1713, "release_date": "1991-06-07", "revenue": 32482682, "runtime": 132, "title": "Jungle Fever"}, {"belongs_to_collection": false, "budget": 58000000, "genres": ["Music", "Drama", "Crime", "Romance"], "id": 2148, "release_date": "1984-12-14", "revenue": 25928721, "runtime": 127, "title": "The Cotton Club"}, {"belongs_to_collection": false, "budget": 0, "genres": ["Drama", "History"], "id": 28368, "release_date": "1987-05-05", "revenue": 5262047, "runtime": 111, "title": "Gardens of Stone"}, {"belongs_to_collection": false, "budget": 0, "genres": ["Drama"], "id": 14670, "release_date": "1986-09-23", "revenue": 0, "runtime": 133, "title": "\u2019Round Midnight"}, {"belongs_to_collection": false, "budget": 0, "genres": ["Comedy"], "id": 23312, "release_date": "1977-11-04", "revenue": 0, "runtime": 94, "title": "Which Way Is Up?"}, {"belongs_to_collection": false, "budget": 0, "genres": ["Drama", "Music"], "id": 21554, "release_date": "1976-04-07", "revenue": 0, "runtime": 98, "title": "Sparkle"}, {"belongs_to_collection": false, "budget": 0, "genres": ["Documentary"], "id": 174340, "release_date": "2013-04-23", "revenue": 0, "runtime": 83, "title": "Richard Pryor: Omit the Logic"}, {"belongs_to_collection": false, "budget": 0, "genres": ["Action", "Drama", "Romance", "Thriller", "Adventure", "War"], "id": 62001, "release_date": "1979-12-21", "revenue": 0, "runtime": 122, "title": "Cuba"}, {"belongs_to_collection": false, "budget": 1200000, "genres": [], "id": 128578, "release_date": "1989-03-19", "revenue": 100000, "runtime": 200, "title": "The Women of Brewster Place"}, {"belongs_to_collection": false, "budget": 0, "genres": ["Comedy", "Romance"], "id": 49453, "release_date": "2000-05-15", "revenue": 0, "runtime": 95, "title": "Fast Food Fast Women"}, {"belongs_to_collection": false, "budget": 0, "genres": ["Drama"], "id": 162660, "release_date": "1982-01-01", "revenue": 0, "runtime": 34, "title": "Illusions"}, {"belongs_to_collection": false, "budget": 0, "genres": ["Drama"], "id": 238972, "release_date": "1998-11-23", "revenue": 0, "runtime": 122, "title": "Blind Faith"}, {"belongs_to_collection": false, "budget": 0, "genres": ["Action", "Adventure", "Drama"], "id": 27056, "release_date": "1990-02-28", "revenue": 0, "runtime": 94, "title": "Dangerous Passion"}, {"belongs_to_collection": false, "budget": 0, "genres": ["Drama", "Crime"], "id": 91264, "release_date": "2001-01-20", "revenue": 0, "runtime": 85, "title": "Lift"}, {"belongs_to_collection": false, "budget": 0, "genres": ["Comedy", "Drama"], "id": 337213, "release_date": "2014-04-11", "revenue": 0, "runtime": 90, "title": "Against The Jab"}]}, "Nicole Beharie": {"id": 87243, "results": [{"belongs_to_collection": false, "budget": 6500000, "genres": ["Drama"], "id": 76025, "release_date": "2011-10-02", "revenue": 17693675, "runtime": 101, "title": "Shame"}, {"belongs_to_collection": false, "budget": 40000000, "genres": ["Drama"], "id": 109410, "release_date": "2013-04-12", "revenue": 95020213, "runtime": 128, "title": "42"}, {"belongs_to_collection": false, "budget": 0, "genres": ["Horror", "Mystery", "Thriller"], "id": 456529, "release_date": "2019-08-23", "revenue": 0, "runtime": 89, "title": "Jacob's Ladder"}, {"belongs_to_collection": false, "budget": 0, "genres": ["Drama"], "id": 489934, "release_date": "2018-09-22", "revenue": 0, "runtime": 96, "title": "Monsters and Men"}, {"belongs_to_collection": false, "budget": 1000000, "genres": ["Comedy", "Drama", "Romance"], "id": 96534, "release_date": "2011-06-11", "revenue": 0, "runtime": 90, "title": "My Last Day Without You"}, {"belongs_to_collection": false, "budget": 0, "genres": ["Drama"], "id": 21179, "release_date": "2008-08-28", "revenue": 0, "runtime": 103, "title": "American Violet"}, {"belongs_to_collection": false, "budget": 0, "genres": ["Drama"], "id": 79781, "release_date": "2012-03-09", "revenue": 0, "runtime": 98, "title": "The Last Fall"}, {"belongs_to_collection": false, "budget": 0, "genres": ["Drama"], "id": 87822, "release_date": "2012-04-13", "revenue": 0, "runtime": 101, "title": "Woman Thou Art Loosed: On the 7th Day"}, {"belongs_to_collection": false, "budget": 0, "genres": ["Mystery", "Thriller", "Drama"], "id": 198365, "release_date": "2012-12-01", "revenue": 0, "runtime": 87, "title": "Apartment 4E"}, {"belongs_to_collection": false, "budget": 0, "genres": ["Drama"], "id": 58103, "release_date": "2010-02-21", "revenue": 0, "runtime": 90, "title": "Sins of the Mother"}, {"belongs_to_collection": false, "budget": 0, "genres": ["Mystery"], "id": 352741, "release_date": "2012-11-27", "revenue": 0, "runtime": 12, "title": "The Mirror Between Us"}]}, "Tasha Smith": {"id": 74610, "results": [{"belongs_to_collection": false, "budget": 70000000, "genres": ["Comedy", "Romance"], "id": 19899, "release_date": "2009-09-19", "revenue": 171844840, "runtime": 113, "title": "Couples Retreat"}, {"belongs_to_collection": true, "budget": 40000000, "genres": ["Comedy", "Thriller", "Crime"], "id": 2122, "release_date": "2004-04-07", "revenue": 26155781, "runtime": 98, "title": "The Whole Ten Yards"}, {"belongs_to_collection": false, "budget": 0, "genres": ["Drama", "Thriller"], "id": 235271, "release_date": "2014-10-10", "revenue": 0, "runtime": 105, "title": "Addicted"}, {"belongs_to_collection": false, "budget": 6600000, "genres": ["Comedy"], "id": 57119, "release_date": "2011-05-06", "revenue": 37710610, "runtime": 112, "title": "Jumping the Broom"}, {"belongs_to_collection": true, "budget": 15000000, "genres": ["Comedy", "Drama"], "id": 17202, "release_date": "2007-10-12", "revenue": 55184721, "runtime": 113, "title": "Why Did I Get Married?"}, {"belongs_to_collection": false, "budget": 20000000, "genres": ["Drama", "Comedy", "Mystery"], "id": 13960, "release_date": "2006-03-31", "revenue": 21170563, "runtime": 105, "title": "ATL"}, {"belongs_to_collection": false, "budget": 10000000, "genres": ["Comedy", "Drama", "Romance"], "id": 16555, "release_date": "2007-02-14", "revenue": 31609243, "runtime": 100, "title": "Daddy's Little Girls"}, {"belongs_to_collection": true, "budget": 20000000, "genres": ["Comedy", "Romance"], "id": 35688, "release_date": "2010-04-02", "revenue": 60072596, "runtime": 121, "title": "Why Did I Get Married Too?"}, {"belongs_to_collection": false, "budget": 0, "genres": ["Drama", "Family", "Comedy"], "id": 13579, "release_date": "2008-08-22", "revenue": 0, "runtime": 94, "title": "The Longshots"}, {"belongs_to_collection": true, "budget": 0, "genres": ["Drama", "Thriller"], "id": 57784, "release_date": "2006-10-03", "revenue": 0, "runtime": 90, "title": "Glass House: The Good Mother"}, {"belongs_to_collection": false, "budget": 0, "genres": ["Comedy"], "id": 43814, "release_date": "2010-06-15", "revenue": 0, "runtime": null, "title": "Something Like A Business"}, {"belongs_to_collection": false, "budget": 0, "genres": ["Thriller"], "id": 619935, "release_date": "2018-12-01", "revenue": 0, "runtime": 87, "title": "Running Out of Time"}, {"belongs_to_collection": false, "budget": 0, "genres": ["Science Fiction", "Adventure"], "id": 306974, "release_date": "1998-11-19", "revenue": 0, "runtime": 91, "title": "Max Q: Emergency Landing"}, {"belongs_to_collection": false, "budget": 0, "genres": ["Comedy", "Romance"], "id": 81354, "release_date": "2007-01-01", "revenue": 0, "runtime": 87, "title": "Love and Other Four Letter Words"}, {"belongs_to_collection": false, "budget": 0, "genres": ["Drama"], "id": 62576, "release_date": "2009-06-26", "revenue": 0, "runtime": null, "title": "Pastor Brown"}, {"belongs_to_collection": false, "budget": 0, "genres": ["Drama"], "id": 296817, "release_date": "2006-02-01", "revenue": 0, "runtime": 97, "title": "Miles from Home"}, {"belongs_to_collection": false, "budget": 0, "genres": ["Thriller"], "id": 228315, "release_date": "2011-07-23", "revenue": 0, "runtime": 12, "title": "Hell Week"}, {"belongs_to_collection": true, "budget": 0, "genres": ["Action", "Science Fiction"], "id": 359051, "release_date": "1999-01-01", "revenue": 0, "runtime": 97, "title": "Chameleon II: Death Match"}]}, "Malinda Williams": {"id": 74612, "results": [{"belongs_to_collection": false, "budget": 26000000, "genres": ["Romance", "Comedy"], "id": 316002, "release_date": "2015-02-10", "revenue": 0, "runtime": 100, "title": "Accidental Love"}, {"belongs_to_collection": true, "budget": 8000000, "genres": ["Comedy", "Drama", "Romance"], "id": 84165, "release_date": "2012-03-28", "revenue": 1653792, "runtime": 91, "title": "2 Days in New York"}, {"belongs_to_collection": false, "budget": 0, "genres": ["Action", "Comedy"], "id": 14423, "release_date": "2008-01-11", "revenue": 38804615, "runtime": 96, "title": "First Sunday"}, {"belongs_to_collection": false, "budget": 0, "genres": ["Comedy"], "id": 9308, "release_date": "1996-10-25", "revenue": 21302121, "runtime": 86, "title": "High School High"}, {"belongs_to_collection": false, "budget": 10000000, "genres": ["Comedy", "Drama", "Romance"], "id": 16555, "release_date": "2007-02-14", "revenue": 31609243, "runtime": 100, "title": "Daddy's Little Girls"}, {"belongs_to_collection": false, "budget": 6000000, "genres": ["Comedy", "Drama", "Romance"], "id": 16158, "release_date": "1999-07-16", "revenue": 25059640, "runtime": 106, "title": "The Wood"}, {"belongs_to_collection": false, "budget": 0, "genres": ["Comedy", "Thriller", "Crime", "Romance"], "id": 28121, "release_date": "1996-04-04", "revenue": 0, "runtime": 108, "title": "A Thin Line Between Love and Hate"}, {"belongs_to_collection": false, "budget": 0, "genres": ["Action", "Crime"], "id": 203264, "release_date": "2013-04-24", "revenue": 0, "runtime": 82, "title": "Percentage"}, {"belongs_to_collection": false, "budget": 0, "genres": ["Crime", "Drama", "Music"], "id": 13816, "release_date": "2006-08-25", "revenue": 0, "runtime": 121, "title": "Idlewild"}, {"belongs_to_collection": false, "budget": 0, "genres": ["Drama", "Thriller"], "id": 27665, "release_date": "1999-06-01", "revenue": 170832, "runtime": 116, "title": "Uninvited Guest"}, {"belongs_to_collection": false, "budget": 0, "genres": ["Romance", "Comedy"], "id": 249156, "release_date": "2013-12-14", "revenue": 0, "runtime": 90, "title": "Marry Me For Christmas"}, {"belongs_to_collection": false, "budget": 0, "genres": ["Comedy", "TV Movie"], "id": 563047, "release_date": "2018-11-11", "revenue": 0, "runtime": null, "title": "Chandler Christmas Getaway"}, {"belongs_to_collection": false, "budget": 0, "genres": ["Drama"], "id": 246850, "release_date": "2012-02-15", "revenue": 0, "runtime": 110, "title": "The Undershepherd"}, {"belongs_to_collection": false, "budget": 1, "genres": ["Drama", "Comedy"], "id": 290282, "release_date": "2014-08-30", "revenue": 0, "runtime": 105, "title": "Girlfriends' Getaway"}, {"belongs_to_collection": false, "budget": 0, "genres": ["Crime"], "id": 20700, "release_date": "2009-07-07", "revenue": 0, "runtime": 90, "title": "A Day In The Life"}, {"belongs_to_collection": false, "budget": 0, "genres": ["Family"], "id": 426140, "release_date": "2016-11-13", "revenue": 0, "runtime": 81, "title": "Merry Christmas, Baby"}, {"belongs_to_collection": false, "budget": 0, "genres": ["Drama", "Romance"], "id": 179050, "release_date": "2013-03-19", "revenue": 0, "runtime": 98, "title": "24 Hour Love"}, {"belongs_to_collection": false, "budget": 0, "genres": ["Drama", "TV Movie"], "id": 270596, "release_date": "2012-02-18", "revenue": 0, "runtime": null, "title": "A Cross to Bear"}, {"belongs_to_collection": false, "budget": 850000, "genres": ["Drama"], "id": 259389, "release_date": "2001-02-03", "revenue": 0, "runtime": 107, "title": "Dancing in September"}, {"belongs_to_collection": false, "budget": 0, "genres": [], "id": 369064, "release_date": "2015-12-13", "revenue": 0, "runtime": 90, "title": "A Baby for Christmas"}]}, "Terri J. Vaughn": {"id": 74613, "results": [{"belongs_to_collection": true, "budget": 38000000, "genres": ["Music", "Comedy"], "id": 6279, "release_date": "1993-12-09", "revenue": 57319029, "runtime": 107, "title": "Sister Act 2: Back in the Habit"}, {"belongs_to_collection": true, "budget": 3500000, "genres": ["Comedy"], "id": 10634, "release_date": "1995-04-26", "revenue": 28215918, "runtime": 91, "title": "Friday"}, {"belongs_to_collection": false, "budget": 10000000, "genres": ["Comedy", "Drama", "Romance"], "id": 16555, "release_date": "2007-02-14", "revenue": 31609243, "runtime": 100, "title": "Daddy's Little Girls"}, {"belongs_to_collection": true, "budget": 0, "genres": ["Action", "Horror", "Science Fiction"], "id": 55667, "release_date": "1996-11-21", "revenue": 0, "runtime": 85, "title": "Carnosaur 3: Primal Species"}, {"belongs_to_collection": true, "budget": 0, "genres": ["Action", "Science Fiction"], "id": 27010, "release_date": "1995-08-22", "revenue": 0, "runtime": 92, "title": "Black Scorpion"}, {"belongs_to_collection": true, "budget": 0, "genres": ["Comedy", "Action", "Adventure", "Science Fiction"], "id": 29054, "release_date": "1997-05-13", "revenue": 0, "runtime": 85, "title": "Black Scorpion II: Aftershock"}, {"belongs_to_collection": false, "budget": 0, "genres": ["Action", "Drama", "Thriller"], "id": 33622, "release_date": "2003-02-23", "revenue": 0, "runtime": 92, "title": "Detonator"}, {"belongs_to_collection": true, "budget": 0, "genres": ["Drama", "Action"], "id": 86848, "release_date": "1995-08-29", "revenue": 0, "runtime": 88, "title": "Excessive Force II: Force on Force"}, {"belongs_to_collection": false, "budget": 1, "genres": ["Drama", "Comedy"], "id": 290282, "release_date": "2014-08-30", "revenue": 0, "runtime": 105, "title": "Girlfriends' Getaway"}, {"belongs_to_collection": false, "budget": 0, "genres": ["Comedy", "Drama"], "id": 35857, "release_date": "2006-07-15", "revenue": 0, "runtime": 100, "title": "Dirty Laundry"}, {"belongs_to_collection": false, "budget": 0, "genres": ["Drama"], "id": 273518, "release_date": "2013-01-01", "revenue": 0, "runtime": 70, "title": "Who Did I Marry?"}, {"belongs_to_collection": false, "budget": 0, "genres": ["Romance", "Comedy"], "id": 91001, "release_date": "2012-02-14", "revenue": 0, "runtime": 90, "title": "The Marriage Chronicles"}, {"belongs_to_collection": false, "budget": 0, "genres": [], "id": 205327, "release_date": "2005-02-12", "revenue": 0, "runtime": 88, "title": "Fair Game"}, {"belongs_to_collection": false, "budget": 0, "genres": [], "id": 105785, "release_date": "2012-04-13", "revenue": 0, "runtime": 92, "title": "Life, Love, Soul"}, {"belongs_to_collection": false, "budget": 0, "genres": ["Comedy", "Drama"], "id": 410503, "release_date": "2015-08-29", "revenue": 0, "runtime": 110, "title": "Girlfriends Getaway 2"}, {"belongs_to_collection": false, "budget": 0, "genres": ["Comedy"], "id": 324500, "release_date": "2015-02-13", "revenue": 0, "runtime": 90, "title": "72 Hours"}, {"belongs_to_collection": false, "budget": 0, "genres": ["Comedy", "Family"], "id": 298925, "release_date": "2010-11-13", "revenue": 0, "runtime": 88, "title": "Love Me or Leave Me"}, {"belongs_to_collection": false, "budget": 0, "genres": ["TV Movie", "Drama"], "id": 268603, "release_date": "2014-05-07", "revenue": 0, "runtime": 90, "title": "Between Sisters"}]}, "Cassi Davis": {"id": 80611, "results": [{"belongs_to_collection": true, "budget": 0, "genres": ["Comedy"], "id": 464504, "release_date": "2019-03-01", "revenue": 46115383, "runtime": 104, "title": "A Madea Family Funeral"}, {"belongs_to_collection": true, "budget": 6000000, "genres": ["Drama", "Comedy", "Romance"], "id": 16781, "release_date": "2006-02-24", "revenue": 57231524, "runtime": 110, "title": "Madea's Family Reunion"}, {"belongs_to_collection": true, "budget": 20000000, "genres": ["Comedy", "Horror", "Drama"], "id": 380124, "release_date": "2016-10-21", "revenue": 74827344, "runtime": 103, "title": "Boo! A Madea Halloween"}, {"belongs_to_collection": true, "budget": 25000000, "genres": ["Horror", "Comedy"], "id": 459202, "release_date": "2017-10-20", "revenue": 48333932, "runtime": 103, "title": "Boo 2! A Madea Halloween"}, {"belongs_to_collection": true, "budget": 25000000, "genres": ["Comedy", "Drama"], "id": 51017, "release_date": "2011-04-22", "revenue": 53213633, "runtime": 106, "title": "Madea's Big Happy Family"}, {"belongs_to_collection": false, "budget": 10000000, "genres": ["Comedy", "Drama", "Romance"], "id": 16555, "release_date": "2007-02-14", "revenue": 31609243, "runtime": 100, "title": "Daddy's Little Girls"}, {"belongs_to_collection": false, "budget": 0, "genres": ["Comedy", "Drama"], "id": 36739, "release_date": "1988-02-12", "revenue": 0, "runtime": 121, "title": "School Daze"}, {"belongs_to_collection": false, "budget": 0, "genres": ["Animation", "Comedy"], "id": 316068, "release_date": "2015-01-20", "revenue": 0, "runtime": 64, "title": "Tyler Perry's Madea's Tough Love"}, {"belongs_to_collection": false, "budget": 0, "genres": ["Comedy"], "id": 239650, "release_date": "2011-11-22", "revenue": 0, "runtime": 152, "title": "A Madea Christmas"}, {"belongs_to_collection": false, "budget": 0, "genres": ["Drama"], "id": 294737, "release_date": "2014-04-08", "revenue": 0, "runtime": 85, "title": "Act of Faith"}, {"belongs_to_collection": false, "budget": 0, "genres": ["Comedy", "Drama", "Music"], "id": 309719, "release_date": "2004-01-01", "revenue": 0, "runtime": 124, "title": "He Say, She Say, But What Does God Say?"}]}, "Sierra Aylina McClain": {"id": 80612, "results": [{"belongs_to_collection": true, "budget": 0, "genres": ["Drama", "Music"], "id": 515114, "release_date": "2018-04-03", "revenue": 0, "runtime": 100, "title": "Honey: Rise Up and Dance"}, {"belongs_to_collection": false, "budget": 10000000, "genres": ["Comedy", "Drama", "Romance"], "id": 16555, "release_date": "2007-02-14", "revenue": 31609243, "runtime": 100, "title": "Daddy's Little Girls"}]}, "China Anne McClain": {"id": 80613, "results": [{"belongs_to_collection": true, "budget": 0, "genres": ["Adventure", "Family", "Comedy", "Action"], "id": 506574, "release_date": "2019-08-09", "revenue": 0, "runtime": 106, "title": "Descendants 3"}, {"belongs_to_collection": true, "budget": 80000000, "genres": ["Comedy"], "id": 38365, "release_date": "2010-06-24", "revenue": 271430189, "runtime": 102, "title": "Grown Ups"}, {"belongs_to_collection": true, "budget": 80000000, "genres": ["Comedy"], "id": 109418, "release_date": "2013-07-11", "revenue": 246984278, "runtime": 100, "title": "Grown Ups 2"}, {"belongs_to_collection": true, "budget": 0, "genres": ["Family", "Action", "Comedy", "Adventure"], "id": 417320, "release_date": "2017-07-21", "revenue": 0, "runtime": 111, "title": "Descendants 2"}, {"belongs_to_collection": false, "budget": 30000000, "genres": ["Action", "Adventure", "Animation"], "id": 332718, "release_date": "2016-09-08", "revenue": 1750000, "runtime": 105, "title": "Bilal: A New Breed of Hero"}, {"belongs_to_collection": false, "budget": 0, "genres": ["Family", "Science Fiction"], "id": 286987, "release_date": "2014-08-17", "revenue": 0, "runtime": 90, "title": "How to Build a Better Boy"}, {"belongs_to_collection": false, "budget": 0, "genres": ["Action", "Crime", "Drama", "Thriller"], "id": 552858, "release_date": "2018-11-30", "revenue": 0, "runtime": 90, "title": "Blood Brother"}, {"belongs_to_collection": false, "budget": 10000000, "genres": ["Comedy", "Drama", "Romance"], "id": 16555, "release_date": "2007-02-14", "revenue": 31609243, "runtime": 100, "title": "Daddy's Little Girls"}, {"belongs_to_collection": false, "budget": 0, "genres": ["Music", "TV Movie", "Fantasy"], "id": 551298, "release_date": "2018-09-28", "revenue": 0, "runtime": 10, "title": "Under the Sea: A Descendants Story"}, {"belongs_to_collection": true, "budget": 2000000, "genres": ["Comedy", "Family"], "id": 13358, "release_date": "2007-11-10", "revenue": 0, "runtime": 83, "title": "A Dennis the Menace Christmas"}, {"belongs_to_collection": false, "budget": 0, "genres": ["Thriller", "Horror", "Mystery"], "id": 475623, "release_date": "2017-09-16", "revenue": 0, "runtime": 82, "title": "Ten: Murder Island"}, {"belongs_to_collection": false, "budget": 0, "genres": ["Music", "Family"], "id": 509423, "release_date": "2016-11-25", "revenue": 0, "runtime": 60, "title": "Disney Parks Presents: A Descendants Magical Holiday Celebration"}, {"belongs_to_collection": false, "budget": 0, "genres": ["Comedy"], "id": 617505, "release_date": "", "revenue": 0, "runtime": null, "title": "Untitled Halloween Comedy"}]}, "Lauryn Alisa McClain": {"id": 80614, "results": [{"belongs_to_collection": false, "budget": 0, "genres": ["Horror", "Thriller"], "id": 517116, "release_date": "2019-09-13", "revenue": 0, "runtime": 92, "title": "Haunt"}, {"belongs_to_collection": false, "budget": 10000000, "genres": ["Comedy", "Drama", "Romance"], "id": 16555, "release_date": "2007-02-14", "revenue": 31609243, "runtime": 100, "title": "Daddy's Little Girls"}, {"belongs_to_collection": true, "budget": 0, "genres": ["Comedy", "Drama", "Romance"], "id": 399641, "release_date": "2016-09-17", "revenue": 0, "runtime": 108, "title": "BearCity 3"}]}, "Juanita Jennings": {"id": 80615, "results": [{"belongs_to_collection": true, "budget": 49000000, "genres": ["Thriller", "Mystery"], "id": 402, "release_date": "1992-03-20", "revenue": 352927224, "runtime": 127, "title": "Basic Instinct"}, {"belongs_to_collection": false, "budget": 70000000, "genres": ["Comedy", "Romance"], "id": 3981, "release_date": "2000-12-15", "revenue": 374111707, "runtime": 127, "title": "What Women Want"}, {"belongs_to_collection": false, "budget": 60000000, "genres": ["Drama", "Thriller"], "id": 11329, "release_date": "2003-10-09", "revenue": 80154140, "runtime": 127, "title": "Runaway Jury"}, {"belongs_to_collection": false, "budget": 16000000, "genres": ["Crime", "Drama", "Romance", "Thriller"], "id": 16161, "release_date": "2001-06-27", "revenue": 29381649, "runtime": 130, "title": "Baby Boy"}, {"belongs_to_collection": true, "budget": 3000000, "genres": ["Horror", "Thriller"], "id": 15641, "release_date": "2008-10-24", "revenue": 0, "runtime": 86, "title": "Vacancy 2: The First Cut"}, {"belongs_to_collection": false, "budget": 10000000, "genres": ["Comedy", "Drama", "Romance"], "id": 16555, "release_date": "2007-02-14", "revenue": 31609243, "runtime": 100, "title": "Daddy's Little Girls"}, {"belongs_to_collection": false, "budget": 10000000, "genres": ["Comedy"], "id": 25186, "release_date": "2009-10-16", "revenue": 9069, "runtime": 85, "title": "Janky Promoters"}, {"belongs_to_collection": false, "budget": 0, "genres": ["Crime", "Drama", "Mystery"], "id": 256177, "release_date": "1993-11-12", "revenue": 0, "runtime": 96, "title": "Jack Reed: Badge of Honour"}, {"belongs_to_collection": false, "budget": 0, "genres": ["Thriller", "TV Movie", "Drama"], "id": 132109, "release_date": "1993-11-30", "revenue": 0, "runtime": 92, "title": "Murder of Innocence"}, {"belongs_to_collection": false, "budget": 0, "genres": ["TV Movie", "Drama"], "id": 117398, "release_date": "1994-01-16", "revenue": 0, "runtime": 100, "title": "Out of Darkness"}, {"belongs_to_collection": false, "budget": 0, "genres": ["Comedy", "Romance"], "id": 81354, "release_date": "2007-01-01", "revenue": 0, "runtime": 87, "title": "Love and Other Four Letter Words"}, {"belongs_to_collection": false, "budget": 0, "genres": [], "id": 455344, "release_date": "1994-04-17", "revenue": 0, "runtime": 100, "title": "On Promised Land"}, {"belongs_to_collection": true, "budget": 0, "genres": [], "id": 455513, "release_date": "1999-04-20", "revenue": 0, "runtime": 120, "title": "The Rockford Files: If It Bleeds... It Leads"}, {"belongs_to_collection": false, "budget": 0, "genres": ["Horror"], "id": 136006, "release_date": "1997-03-24", "revenue": 0, "runtime": 90, "title": "Spirit Lost"}, {"belongs_to_collection": false, "budget": 0, "genres": ["Drama"], "id": 567693, "release_date": "1991-02-04", "revenue": 0, "runtime": 91, "title": "The Marla Hanson Story"}, {"belongs_to_collection": false, "budget": 0, "genres": ["Drama"], "id": 566929, "release_date": "1990-12-18", "revenue": 0, "runtime": 47, "title": "LifeStories: Steve Burdick"}]}, "Maria Howell": {"id": 80616, "results": [{"belongs_to_collection": false, "budget": 25000000, "genres": ["Drama", "History"], "id": 381284, "release_date": "2016-12-10", "revenue": 230698791, "runtime": 127, "title": "Hidden Figures"}, {"belongs_to_collection": true, "budget": 130000000, "genres": ["Adventure", "Action", "Science Fiction"], "id": 101299, "release_date": "2013-11-15", "revenue": 847423452, "runtime": 146, "title": "The Hunger Games: Catching Fire"}, {"belongs_to_collection": false, "budget": 50000000, "genres": ["Action", "Crime"], "id": 337170, "release_date": "2017-08-08", "revenue": 133511855, "runtime": 115, "title": "American Made"}, {"belongs_to_collection": false, "budget": 15000000, "genres": ["Drama"], "id": 873, "release_date": "1985-12-18", "revenue": 146292009, "runtime": 154, "title": "The Color Purple"}, {"belongs_to_collection": false, "budget": 40000000, "genres": ["Romance", "Comedy", "Drama"], "id": 76494, "release_date": "2012-05-17", "revenue": 79700000, "runtime": 110, "title": "What to Expect When You're Expecting"}, {"belongs_to_collection": false, "budget": 0, "genres": ["Drama"], "id": 250538, "release_date": "2014-06-27", "revenue": 0, "runtime": 110, "title": "The Good Lie"}, {"belongs_to_collection": false, "budget": 0, "genres": ["Drama", "Thriller"], "id": 235271, "release_date": "2014-10-10", "revenue": 0, "runtime": 105, "title": "Addicted"}, {"belongs_to_collection": false, "budget": 10000000, "genres": ["Comedy", "Drama", "Romance"], "id": 16555, "release_date": "2007-02-14", "revenue": 31609243, "runtime": 100, "title": "Daddy's Little Girls"}, {"belongs_to_collection": true, "budget": 0, "genres": ["Action", "Adventure", "Drama", "TV Movie"], "id": 222064, "release_date": "1993-03-13", "revenue": 0, "runtime": 90, "title": "The Adventures of Young Indiana Jones: Mystery of the Blues"}, {"belongs_to_collection": false, "budget": 0, "genres": [], "id": 381794, "release_date": "2014-12-08", "revenue": 0, "runtime": null, "title": "Christmas Wedding Baby"}, {"belongs_to_collection": false, "budget": 0, "genres": [], "id": 626313, "release_date": "", "revenue": 0, "runtime": 90, "title": "The Christmas Song"}, {"belongs_to_collection": false, "budget": 0, "genres": ["Drama"], "id": 618830, "release_date": "", "revenue": 0, "runtime": 71, "title": "Homeless Ashes"}]}, "Donna Biscoe": {"id": 582892, "results": [{"belongs_to_collection": true, "budget": 125000000, "genres": ["Science Fiction", "Adventure", "Thriller"], "id": 131631, "release_date": "2014-11-18", "revenue": 752100229, "runtime": 123, "title": "The Hunger Games: Mockingjay - Part 1"}, {"belongs_to_collection": false, "budget": 25000000, "genres": ["Drama", "History"], "id": 381284, "release_date": "2016-12-10", "revenue": 230698791, "runtime": 127, "title": "Hidden Figures"}, {"belongs_to_collection": false, "budget": 29000000, "genres": ["Comedy"], "id": 454293, "release_date": "2018-09-27", "revenue": 33157615, "runtime": 111, "title": "Night School"}, {"belongs_to_collection": false, "budget": 0, "genres": ["Comedy", "Drama"], "id": 318121, "release_date": "2016-06-16", "revenue": 0, "runtime": 97, "title": "The Fundamentals of Caring"}, {"belongs_to_collection": false, "budget": 19000000, "genres": ["Comedy"], "id": 417870, "release_date": "2017-07-21", "revenue": 140376621, "runtime": 122, "title": "Girls Trip"}, {"belongs_to_collection": false, "budget": 1500000, "genres": ["Horror", "Thriller", "Western"], "id": 19592, "release_date": "2005-04-22", "revenue": 0, "runtime": 91, "title": "Dead Birds"}, {"belongs_to_collection": false, "budget": 4000000, "genres": ["Horror"], "id": 211067, "release_date": "2013-09-02", "revenue": 9221, "runtime": 99, "title": "The Sacrament"}, {"belongs_to_collection": false, "budget": 0, "genres": ["Drama", "History", "TV Movie"], "id": 348390, "release_date": "2016-04-16", "revenue": 0, "runtime": 110, "title": "Confirmation"}, {"belongs_to_collection": false, "budget": 0, "genres": ["Thriller", "Horror", "Drama"], "id": 409056, "release_date": "2018-08-10", "revenue": 0, "runtime": 89, "title": "Along Came the Devil"}, {"belongs_to_collection": false, "budget": 0, "genres": ["TV Movie", "Romance", "Drama"], "id": 521190, "release_date": "2018-04-28", "revenue": 0, "runtime": 90, "title": "The Beach House"}, {"belongs_to_collection": false, "budget": 0, "genres": ["TV Movie", "Action", "Horror", "Comedy", "Science Fiction", "Thriller"], "id": 33641, "release_date": "2004-10-09", "revenue": 0, "runtime": 84, "title": "Frankenfish"}, {"belongs_to_collection": false, "budget": 0, "genres": ["Drama"], "id": 467433, "release_date": "2017-09-29", "revenue": 2587072, "runtime": 104, "title": "A Question of Faith"}, {"belongs_to_collection": false, "budget": 0, "genres": ["TV Movie", "Drama", "Family"], "id": 57680, "release_date": "1999-05-09", "revenue": 0, "runtime": 85, "title": "The Simple Life Of Noah Dearborn"}, {"belongs_to_collection": false, "budget": 800000, "genres": ["Drama", "Thriller", "Romance"], "id": 92384, "release_date": "2002-08-09", "revenue": 833779, "runtime": null, "title": "Trois 2: Pandora's Box"}, {"belongs_to_collection": false, "budget": 0, "genres": ["Romance", "Thriller"], "id": 39479, "release_date": "1992-01-24", "revenue": 2387928, "runtime": 90, "title": "Love Crimes"}, {"belongs_to_collection": false, "budget": 0, "genres": ["Drama", "Thriller", "Romance"], "id": 96141, "release_date": "2004-12-28", "revenue": 0, "runtime": null, "title": "Trois 3: The Escort"}, {"belongs_to_collection": false, "budget": 0, "genres": ["Action", "Drama", "Thriller", "TV Movie"], "id": 311999, "release_date": "1992-05-11", "revenue": 0, "runtime": 96, "title": "In the Line of Duty: Street War"}, {"belongs_to_collection": false, "budget": 0, "genres": ["Drama"], "id": 340181, "release_date": "2014-06-21", "revenue": 0, "runtime": null, "title": "Comeback Dad"}, {"belongs_to_collection": false, "budget": 200000, "genres": ["Drama", "Thriller", "Romance"], "id": 77908, "release_date": "2000-02-11", "revenue": 1160268, "runtime": 93, "title": "Trois"}, {"belongs_to_collection": false, "budget": 0, "genres": ["Drama"], "id": 252305, "release_date": "1992-06-04", "revenue": 0, "runtime": 91, "title": "The Secret Passion of Robert Clayton"}]}, "Sharan C. Mansfield": {"id": 1567592, "results": [{"belongs_to_collection": false, "budget": 75000000, "genres": ["Action", "Comedy", "Thriller", "Romance"], "id": 37821, "release_date": "2010-06-04", "revenue": 98159963, "runtime": 100, "title": "Killers"}]}, "Demetria McKinney": {"id": 479206, "results": [{"belongs_to_collection": false, "budget": 0, "genres": ["Romance"], "id": 566389, "release_date": "2018-11-19", "revenue": 0, "runtime": 90, "title": "A Stone Cold Christmas"}, {"belongs_to_collection": false, "budget": 0, "genres": ["Drama", "Family", "Music", "TV Movie"], "id": 486760, "release_date": "2017-10-08", "revenue": 0, "runtime": 82, "title": "Bobbi Kristina"}, {"belongs_to_collection": false, "budget": 0, "genres": ["Drama"], "id": 130704, "release_date": "2012-01-31", "revenue": 0, "runtime": 131, "title": "Church Girl"}, {"belongs_to_collection": false, "budget": 0, "genres": ["Drama", "Romance"], "id": 69768, "release_date": "2010-01-01", "revenue": 0, "runtime": 108, "title": "Breaking Up Is Hard to Do"}]}, "Joan Pringle": {"id": 21144, "results": [{"belongs_to_collection": false, "budget": 42000000, "genres": ["Thriller", "Drama", "Mystery"], "id": 2057, "release_date": "2001-05-08", "revenue": 35402320, "runtime": 118, "title": "Original Sin"}, {"belongs_to_collection": false, "budget": 0, "genres": ["Horror", "Thriller"], "id": 44690, "release_date": "1976-08-25", "revenue": 0, "runtime": 95, "title": "J.D.'s Revenge"}, {"belongs_to_collection": false, "budget": 0, "genres": ["Comedy", "Romance"], "id": 45840, "release_date": "1982-12-17", "revenue": 0, "runtime": 116, "title": "Best Friends"}, {"belongs_to_collection": false, "budget": 0, "genres": ["Drama", "Crime", "Thriller", "TV Movie"], "id": 84834, "release_date": "1973-10-13", "revenue": 0, "runtime": 75, "title": "Double Indemnity"}]}, "Faye Yvette McQueen": {"id": 1454098, "results": [{"belongs_to_collection": true, "budget": 130000000, "genres": ["Action", "Thriller"], "id": 49040, "release_date": "2012-08-08", "revenue": 276572938, "runtime": 135, "title": "The Bourne Legacy"}, {"belongs_to_collection": false, "budget": 0, "genres": ["Drama"], "id": 247434, "release_date": "1999-01-17", "revenue": 0, "runtime": 94, "title": "Selma, Lord, Selma"}]}, "Jessica J. Immanuel": {"id": 2303970, "results": [{"belongs_to_collection": false, "budget": 0, "genres": ["Thriller"], "id": 599782, "release_date": "2018-07-07", "revenue": 0, "runtime": 81, "title": "A Host of Sparrows"}]}, "Cindy Herron": {"id": 1212699, "results": [{"belongs_to_collection": true, "budget": 100000000, "genres": ["Action", "Crime", "Fantasy"], "id": 414, "release_date": "1995-06-16", "revenue": 336529144, "runtime": 121, "title": "Batman Forever"}, {"belongs_to_collection": false, "budget": 0, "genres": [], "id": 429985, "release_date": "", "revenue": 0, "runtime": null, "title": "un no\u00ebl de star"}, {"belongs_to_collection": false, "budget": 0, "genres": ["Music", "Drama"], "id": 308688, "release_date": "2014-11-14", "revenue": 0, "runtime": 90, "title": "An En Vogue Christmas"}, {"belongs_to_collection": false, "budget": 0, "genres": ["Drama", "Action"], "id": 216609, "release_date": "2004-04-13", "revenue": 0, "runtime": 99, "title": "If Love Hadn't Left Me Lonely"}]}, "LaTanya Richardson Jackson": {"id": 61010, "results": [{"belongs_to_collection": true, "budget": 200000000, "genres": ["Action", "Adventure", "Animation", "Family"], "id": 260513, "release_date": "2018-06-14", "revenue": 1241891456, "runtime": 118, "title": "Incredibles 2"}, {"belongs_to_collection": true, "budget": 60000000, "genres": ["Thriller", "Crime", "Action"], "id": 11808, "release_date": "1998-03-06", "revenue": 102367405, "runtime": 131, "title": "U.S. Marshals"}, {"belongs_to_collection": false, "budget": 5000000, "genres": ["Drama", "Mystery", "Romance"], "id": 26748, "release_date": "1996-06-21", "revenue": 13269963, "runtime": 135, "title": "Lone Star"}, {"belongs_to_collection": false, "budget": 34000000, "genres": ["Drama", "History"], "id": 1883, "release_date": "1992-11-18", "revenue": 48169908, "runtime": 202, "title": "Malcolm X"}, {"belongs_to_collection": false, "budget": 0, "genres": ["Drama", "Romance"], "id": 10449, "release_date": "1994-04-29", "revenue": 50021959, "runtime": 126, "title": "When a Man Loves a Woman"}, {"belongs_to_collection": false, "budget": 37665000, "genres": ["Drama", "Thriller", "Crime", "Mystery"], "id": 9959, "release_date": "2006-02-17", "revenue": 14655628, "runtime": 113, "title": "Freedomland"}, {"belongs_to_collection": false, "budget": 17000000, "genres": ["Drama"], "id": 28313, "release_date": "1995-03-17", "revenue": 7603766, "runtime": 106, "title": "Losing Isaiah"}, {"belongs_to_collection": false, "budget": 0, "genres": ["Drama"], "id": 581475, "release_date": "2019-03-08", "revenue": 0, "runtime": 90, "title": "Juanita"}, {"belongs_to_collection": false, "budget": 15000000, "genres": ["Comedy", "Music", "Romance"], "id": 22309, "release_date": "2003-09-17", "revenue": 30238577, "runtime": 122, "title": "The Fighting Temptations"}, {"belongs_to_collection": false, "budget": 7000000, "genres": ["Drama", "Romance"], "id": 37080, "release_date": "2009-11-07", "revenue": 0, "runtime": 125, "title": "Mother and Child"}, {"belongs_to_collection": false, "budget": 0, "genres": ["Drama"], "id": 54982, "release_date": "1999-08-21", "revenue": 0, "runtime": 120, "title": "Introducing Dorothy Dandridge"}, {"belongs_to_collection": false, "budget": 4000000, "genres": ["Family"], "id": 225935, "release_date": "2013-09-20", "revenue": 0, "runtime": 84, "title": "The Watsons Go to Birmingham"}, {"belongs_to_collection": true, "budget": 0, "genres": ["Documentary"], "id": 445075, "release_date": "2010-02-08", "revenue": 0, "runtime": 30, "title": "The Black List: Volume Three"}, {"belongs_to_collection": false, "budget": 0, "genres": ["Drama"], "id": 372719, "release_date": "1992-02-08", "revenue": 0, "runtime": 95, "title": "The Nightman"}, {"belongs_to_collection": false, "budget": 0, "genres": [], "id": 233120, "release_date": "2013-04-10", "revenue": 0, "runtime": 120, "title": "The Deliverance of Elaine"}, {"belongs_to_collection": true, "budget": 0, "genres": ["TV Movie", "Adventure", "Action", "Comedy"], "id": 437066, "release_date": "1994-07-14", "revenue": 0, "runtime": 100, "title": "Midnight Run for Your Life"}, {"belongs_to_collection": false, "budget": 0, "genres": ["History", "Documentary"], "id": 49086, "release_date": "2003-02-10", "revenue": 0, "runtime": 75, "title": "Unchained Memories: Readings from the Slave Narratives"}, {"belongs_to_collection": false, "budget": 0, "genres": ["Drama"], "id": 132082, "release_date": "2001-08-20", "revenue": 0, "runtime": 100, "title": "Within These Walls"}, {"belongs_to_collection": false, "budget": 0, "genres": ["Documentary"], "id": 487262, "release_date": "2017-10-14", "revenue": 0, "runtime": 118, "title": "Sighted Eyes | Feeling Heart"}, {"belongs_to_collection": false, "budget": 0, "genres": ["Drama", "TV Movie"], "id": 109708, "release_date": "2006-01-29", "revenue": 0, "runtime": 100, "title": "The Water Is Wide"}]}, "Kyla Pratt": {"id": 31031, "results": [{"belongs_to_collection": true, "budget": 70000000, "genres": ["Comedy", "Family", "Romance", "Fantasy"], "id": 10808, "release_date": "2001-06-22", "revenue": 176104344, "runtime": 87, "title": "Dr. Dolittle 2"}, {"belongs_to_collection": false, "budget": 35000000, "genres": ["Comedy", "Family"], "id": 15189, "release_date": "2009-01-16", "revenue": 117000198, "runtime": 100, "title": "Hotel for Dogs"}, {"belongs_to_collection": true, "budget": 71000000, "genres": ["Comedy", "Family", "Fantasy"], "id": 3050, "release_date": "1998-06-22", "revenue": 294456605, "runtime": 85, "title": "Doctor Dolittle"}, {"belongs_to_collection": false, "budget": 26000000, "genres": ["Comedy", "Family", "Fantasy"], "id": 15045, "release_date": "2004-12-12", "revenue": 48563556, "runtime": 93, "title": "Fat Albert"}, {"belongs_to_collection": true, "budget": 0, "genres": ["Comedy", "Family", "Fantasy"], "id": 18843, "release_date": "2006-04-25", "revenue": 0, "runtime": 95, "title": "Dr. Dolittle 3"}, {"belongs_to_collection": false, "budget": 20000000, "genres": ["Action", "Comedy", "Drama", "Romance"], "id": 14736, "release_date": "2000-04-21", "revenue": 27728118, "runtime": 124, "title": "Love & Basketball"}, {"belongs_to_collection": true, "budget": 0, "genres": ["Comedy", "Family", "Fantasy"], "id": 27996, "release_date": "2008-03-04", "revenue": 0, "runtime": 85, "title": "Dr. Dolittle: Tail to the Chief"}, {"belongs_to_collection": false, "budget": 0, "genres": ["Comedy", "Drama", "Family"], "id": 48287, "release_date": "1995-08-18", "revenue": 0, "runtime": 94, "title": "The Baby-Sitters Club"}, {"belongs_to_collection": true, "budget": 0, "genres": ["Comedy", "Family", "Fantasy"], "id": 19273, "release_date": "2009-04-08", "revenue": 0, "runtime": 90, "title": "Dr. Dolittle: Million Dollar Mutts"}, {"belongs_to_collection": false, "budget": 0, "genres": ["TV Movie", "Animation", "Comedy", "Family"], "id": 61728, "release_date": "2005-08-19", "revenue": 0, "runtime": 90, "title": "The Proud Family Movie"}, {"belongs_to_collection": true, "budget": 0, "genres": ["Family"], "id": 17644, "release_date": "1998-01-01", "revenue": 0, "runtime": 76, "title": "Barney's Great Adventure"}, {"belongs_to_collection": false, "budget": 0, "genres": ["Comedy", "Romance"], "id": 50220, "release_date": "2004-08-05", "revenue": 0, "runtime": 90, "title": "The Seat Filler"}, {"belongs_to_collection": false, "budget": 0, "genres": ["Romance", "TV Movie"], "id": 552012, "release_date": "2018-12-02", "revenue": 0, "runtime": 90, "title": "The Christmas Pact"}, {"belongs_to_collection": false, "budget": 0, "genres": [], "id": 626296, "release_date": "2019-10-27", "revenue": 0, "runtime": 90, "title": "No Time Like Christmas"}, {"belongs_to_collection": false, "budget": 0, "genres": ["Thriller", "Drama"], "id": 411300, "release_date": "2016-07-10", "revenue": 0, "runtime": 60, "title": "The Secret She Kept"}]}, "Debbi Morgan": {"id": 88161, "results": [{"belongs_to_collection": false, "budget": 1300000, "genres": ["Crime", "Drama"], "id": 103, "release_date": "1976-02-07", "revenue": 28262574, "runtime": 114, "title": "Taxi Driver"}, {"belongs_to_collection": false, "budget": 0, "genres": ["Comedy"], "id": 582570, "release_date": "2019-08-16", "revenue": 0, "runtime": 100, "title": "Sextuplets"}, {"belongs_to_collection": false, "budget": 50000000, "genres": ["Drama"], "id": 10400, "release_date": "1999-09-17", "revenue": 73956241, "runtime": 146, "title": "The Hurricane"}, {"belongs_to_collection": false, "budget": 30000000, "genres": ["Drama"], "id": 7214, "release_date": "2005-01-14", "revenue": 76669806, "runtime": 136, "title": "Coach Carter"}, {"belongs_to_collection": false, "budget": 10000000, "genres": ["Comedy", "Romance"], "id": 10314, "release_date": "1999-01-29", "revenue": 103166989, "runtime": 95, "title": "She's All That"}, {"belongs_to_collection": false, "budget": 20000000, "genres": ["Action", "Comedy", "Drama", "Romance"], "id": 14736, "release_date": "2000-04-21", "revenue": 27728118, "runtime": 124, "title": "Love & Basketball"}, {"belongs_to_collection": true, "budget": 0, "genres": ["History", "Action", "Romance", "Drama"], "id": 38027, "release_date": "1975-06-06", "revenue": 0, "runtime": 127, "title": "Mandingo"}, {"belongs_to_collection": false, "budget": 0, "genres": ["Comedy"], "id": 14930, "release_date": "2006-05-01", "revenue": 0, "runtime": 84, "title": "Relative Strangers"}, {"belongs_to_collection": false, "budget": 0, "genres": ["Drama"], "id": 45153, "release_date": "1997-09-07", "revenue": 0, "runtime": 109, "title": "Eve's Bayou"}, {"belongs_to_collection": false, "budget": 0, "genres": ["Family", "TV Movie"], "id": 559709, "release_date": "2018-12-08", "revenue": 0, "runtime": 80, "title": "Rent-an-Elf"}, {"belongs_to_collection": false, "budget": 3000000, "genres": ["Drama"], "id": 44634, "release_date": "2004-09-30", "revenue": 6804016, "runtime": 94, "title": "Woman Thou Art Loosed"}, {"belongs_to_collection": false, "budget": 0, "genres": ["Drama", "Music", "TV Movie"], "id": 379297, "release_date": "2016-01-23", "revenue": 0, "runtime": 85, "title": "Toni Braxton: Unbreak My Heart"}, {"belongs_to_collection": false, "budget": 0, "genres": ["Drama", "Thriller", "Mystery", "Romance"], "id": 22045, "release_date": "1998-11-06", "revenue": 0, "runtime": 101, "title": "Asunder"}, {"belongs_to_collection": false, "budget": 0, "genres": ["Crime", "Drama"], "id": 27592, "release_date": "2005-05-24", "revenue": 0, "runtime": 103, "title": "Back in the Day"}, {"belongs_to_collection": false, "budget": 0, "genres": ["Drama", "TV Movie"], "id": 220390, "release_date": "1987-02-03", "revenue": 0, "runtime": 100, "title": "Guilty of Innocence: The Lenell Geter Story"}, {"belongs_to_collection": false, "budget": 0, "genres": ["Crime", "Drama", "Mystery", "TV Movie"], "id": 228257, "release_date": "1992-03-01", "revenue": 0, "runtime": 91, "title": "Perry Mason: The Case of the Fatal Framing"}, {"belongs_to_collection": false, "budget": 0, "genres": ["TV Movie"], "id": 265307, "release_date": "2000-12-10", "revenue": 0, "runtime": 100, "title": "The Runaway"}, {"belongs_to_collection": false, "budget": 0, "genres": ["Comedy", "TV Movie"], "id": 365758, "release_date": "2015-11-21", "revenue": 0, "runtime": 80, "title": "A Royal Family Holiday"}, {"belongs_to_collection": false, "budget": 0, "genres": ["Drama", "History", "TV Movie"], "id": 444978, "release_date": "1981-01-28", "revenue": 0, "runtime": 97, "title": "Thornwell"}, {"belongs_to_collection": false, "budget": 0, "genres": ["Action"], "id": 92309, "release_date": "1976-12-24", "revenue": 0, "runtime": 90, "title": "The Monkey Hustle"}]}, "Shar Jackson": {"id": 1214849, "results": [{"belongs_to_collection": false, "budget": 0, "genres": ["Comedy", "Family"], "id": 14817, "release_date": "1997-07-25", "revenue": 0, "runtime": 103, "title": "Good Burger"}]}, "Erika Ringor": {"id": 150062, "results": [{"belongs_to_collection": false, "budget": 20000000, "genres": ["Action", "Comedy", "Drama", "Romance"], "id": 14736, "release_date": "2000-04-21", "revenue": 27728118, "runtime": 124, "title": "Love & Basketball"}, {"belongs_to_collection": false, "budget": 7000000, "genres": ["Romance", "Drama"], "id": 241771, "release_date": "2014-09-10", "revenue": 14618727, "runtime": 116, "title": "Beyond the Lights"}, {"belongs_to_collection": false, "budget": 0, "genres": ["Drama", "Romance"], "id": 56743, "release_date": "2010-06-25", "revenue": 0, "runtime": 111, "title": "Elena Undone"}, {"belongs_to_collection": false, "budget": 0, "genres": ["Thriller", "TV Movie"], "id": 487088, "release_date": "2018-03-02", "revenue": 0, "runtime": 83, "title": "Devious Nanny"}, {"belongs_to_collection": false, "budget": 0, "genres": ["Thriller", "Mystery", "Romance"], "id": 21469, "release_date": "2009-08-27", "revenue": 0, "runtime": 93, "title": "Across the Hall"}, {"belongs_to_collection": true, "budget": 750000, "genres": ["Comedy", "Music", "Mystery"], "id": 151509, "release_date": "2012-11-23", "revenue": 0, "runtime": 45, "title": "Trapped in the Closet: Chapters 23-33"}, {"belongs_to_collection": false, "budget": 1500000, "genres": ["Horror"], "id": 309062, "release_date": "2008-05-20", "revenue": 0, "runtime": 90, "title": "Sorority Sister Slaughter"}, {"belongs_to_collection": false, "budget": 0, "genres": ["Comedy"], "id": 159795, "release_date": "2002-06-27", "revenue": 0, "runtime": 85, "title": "Go for Broke"}, {"belongs_to_collection": true, "budget": 0, "genres": ["Music", "Crime", "Comedy"], "id": 91198, "release_date": "2007-08-21", "revenue": 0, "runtime": 48, "title": "Trapped in the Closet: Chapters 13-22"}, {"belongs_to_collection": false, "budget": 0, "genres": ["Comedy", "Drama"], "id": 522293, "release_date": "2018-03-15", "revenue": 0, "runtime": 78, "title": "Hibiscus - Death is not the End"}]}, "Monica Calhoun": {"id": 32646, "results": [{"belongs_to_collection": false, "budget": 20000000, "genres": ["Action", "Comedy", "Drama", "Romance"], "id": 14736, "release_date": "2000-04-21", "revenue": 27728118, "runtime": 124, "title": "Love & Basketball"}, {"belongs_to_collection": true, "budget": 17000000, "genres": ["Comedy"], "id": 146304, "release_date": "2013-11-15", "revenue": 71625195, "runtime": 123, "title": "The Best Man Holiday"}, {"belongs_to_collection": false, "budget": 0, "genres": ["Comedy", "Drama"], "id": 19848, "release_date": "1998-04-08", "revenue": 0, "runtime": 104, "title": "The Players Club"}, {"belongs_to_collection": false, "budget": 0, "genres": ["Comedy", "Drama"], "id": 3543, "release_date": "1987-11-12", "revenue": 3587303, "runtime": 95, "title": "Bagdad Cafe"}, {"belongs_to_collection": true, "budget": 9000000, "genres": ["Drama", "Comedy"], "id": 16162, "release_date": "1999-10-22", "revenue": 34573780, "runtime": 120, "title": "The Best Man"}, {"belongs_to_collection": false, "budget": 500000, "genres": ["Crime", "Drama", "Thriller"], "id": 30246, "release_date": "2003-08-29", "revenue": 243347, "runtime": 95, "title": "Civil Brand"}, {"belongs_to_collection": false, "budget": 800000, "genres": ["Drama", "Thriller", "Romance"], "id": 92384, "release_date": "2002-08-09", "revenue": 833779, "runtime": null, "title": "Trois 2: Pandora's Box"}, {"belongs_to_collection": false, "budget": 1500000, "genres": ["Comedy"], "id": 51820, "release_date": "2005-01-13", "revenue": 0, "runtime": null, "title": "The Salon"}, {"belongs_to_collection": false, "budget": 0, "genres": ["Drama"], "id": 393313, "release_date": "2002-01-01", "revenue": 0, "runtime": 83, "title": "Truth Be Told"}, {"belongs_to_collection": false, "budget": 0, "genres": ["Drama"], "id": 441776, "release_date": "1993-01-17", "revenue": 0, "runtime": 101, "title": "The Ernest Green Story"}, {"belongs_to_collection": true, "budget": 0, "genres": ["Western", "Action", "Drama"], "id": 66667, "release_date": "2003-10-10", "revenue": 0, "runtime": 94, "title": "Gang of Roses"}, {"belongs_to_collection": false, "budget": 0, "genres": ["Comedy", "Romance"], "id": 95440, "release_date": "2003-06-30", "revenue": 0, "runtime": 78, "title": "Love Chronicles"}, {"belongs_to_collection": false, "budget": 0, "genres": ["Drama", "Comedy", "Romance"], "id": 74022, "release_date": "2005-03-01", "revenue": 0, "runtime": 135, "title": "Friends and Lovers"}, {"belongs_to_collection": false, "budget": 0, "genres": ["Drama"], "id": 607590, "release_date": "1998-08-06", "revenue": 0, "runtime": 106, "title": "Park Day"}, {"belongs_to_collection": false, "budget": 1000000, "genres": ["Comedy", "Romance"], "id": 441453, "release_date": "2016-09-24", "revenue": 0, "runtime": 88, "title": "36 Hour Layover"}, {"belongs_to_collection": false, "budget": 0, "genres": [], "id": 474562, "release_date": "1992-01-01", "revenue": 0, "runtime": null, "title": "Different Worlds: An Interracial Love Story"}, {"belongs_to_collection": false, "budget": 0, "genres": ["Drama"], "id": 180708, "release_date": "2004-05-12", "revenue": 0, "runtime": 104, "title": "Justice"}]}, "Gina Ravera": {"id": 77279, "results": [{"belongs_to_collection": true, "budget": 27000000, "genres": ["Drama", "Mystery", "Thriller", "Crime"], "id": 9437, "release_date": "1997-09-29", "revenue": 60527873, "runtime": 115, "title": "Kiss the Girls"}, {"belongs_to_collection": false, "budget": 15000000, "genres": ["Drama"], "id": 14047, "release_date": "2007-12-27", "revenue": 30226144, "runtime": 126, "title": "The Great Debaters"}, {"belongs_to_collection": true, "budget": 45000000, "genres": ["Drama"], "id": 10802, "release_date": "1995-09-22", "revenue": 20350754, "runtime": 131, "title": "Showgirls"}, {"belongs_to_collection": false, "budget": 0, "genres": ["Comedy", "Drama"], "id": 29461, "release_date": "1997-09-26", "revenue": 0, "runtime": 114, "title": "Soul Food"}, {"belongs_to_collection": false, "budget": 2400000, "genres": ["Drama"], "id": 49471, "release_date": "1996-10-16", "revenue": 5731103, "runtime": 120, "title": "Get on the Bus"}, {"belongs_to_collection": false, "budget": 3900000, "genres": ["Fantasy", "Horror", "Science Fiction", "TV Movie"], "id": 26894, "release_date": "2002-10-26", "revenue": 0, "runtime": 90, "title": "Saint Sinner"}, {"belongs_to_collection": false, "budget": 0, "genres": ["Romance", "Drama"], "id": 218183, "release_date": "2000-10-21", "revenue": 0, "runtime": null, "title": "Rhapsody"}, {"belongs_to_collection": false, "budget": 0, "genres": ["History", "Drama"], "id": 74942, "release_date": "1996-04-20", "revenue": 0, "runtime": 94, "title": "Soul of the Game"}, {"belongs_to_collection": false, "budget": 0, "genres": ["Comedy"], "id": 32804, "release_date": "2004-01-01", "revenue": 0, "runtime": 96, "title": "Gas"}]}, "Irma P. Hall": {"id": 43853, "results": [{"belongs_to_collection": false, "budget": 65000000, "genres": ["Drama", "Crime", "Thriller"], "id": 1538, "release_date": "2004-08-04", "revenue": 217764291, "runtime": 120, "title": "Collateral"}, {"belongs_to_collection": false, "budget": 25000000, "genres": ["Drama", "Crime"], "id": 11699, "release_date": "2009-09-11", "revenue": 10589102, "runtime": 122, "title": "The Bad Lieutenant: Port of Call - New Orleans"}, {"belongs_to_collection": false, "budget": 35000000, "genres": ["Crime", "Drama", "Mystery", "Thriller"], "id": 8197, "release_date": "1997-11-21", "revenue": 25105255, "runtime": 155, "title": "Midnight in the Garden of Good and Evil"}, {"belongs_to_collection": false, "budget": 50000000, "genres": ["Comedy", "Drama"], "id": 10312, "release_date": "1998-12-25", "revenue": 202292902, "runtime": 115, "title": "Patch Adams"}, {"belongs_to_collection": false, "budget": 0, "genres": ["Comedy", "Crime", "Thriller"], "id": 5516, "release_date": "2004-03-25", "revenue": 0, "runtime": 104, "title": "The Ladykillers"}, {"belongs_to_collection": false, "budget": 25000000, "genres": ["Action", "Adventure", "Comedy"], "id": 11676, "release_date": "1997-07-18", "revenue": 0, "runtime": 97, "title": "Nothing to Lose"}, {"belongs_to_collection": false, "budget": 0, "genres": ["Drama", "Thriller"], "id": 39437, "release_date": "1998-10-16", "revenue": 0, "runtime": 172, "title": "Beloved"}, {"belongs_to_collection": false, "budget": 16000000, "genres": ["Science Fiction", "Action", "Adventure"], "id": 8854, "release_date": "1997-08-15", "revenue": 1686429, "runtime": 97, "title": "Steel"}, {"belongs_to_collection": false, "budget": 0, "genres": ["Comedy", "Drama", "Romance"], "id": 16710, "release_date": "2008-03-21", "revenue": 41939392, "runtime": 100, "title": "Meet the Browns"}, {"belongs_to_collection": false, "budget": 0, "genres": ["Comedy", "Drama"], "id": 29461, "release_date": "1997-09-26", "revenue": 0, "runtime": 114, "title": "Soul Food"}, {"belongs_to_collection": false, "budget": 0, "genres": ["Crime", "Drama", "Thriller"], "id": 44027, "release_date": "2009-09-06", "revenue": 0, "runtime": 91, "title": "My Son, My Son, What Have Ye Done"}, {"belongs_to_collection": false, "budget": 0, "genres": ["Comedy", "Drama"], "id": 41852, "release_date": "1996-03-29", "revenue": 0, "runtime": 109, "title": "A Family Thing"}, {"belongs_to_collection": false, "budget": 0, "genres": ["Adventure", "Comedy", "Family"], "id": 15170, "release_date": "1997-06-06", "revenue": 0, "runtime": 84, "title": "Buddy"}, {"belongs_to_collection": false, "budget": 0, "genres": ["Drama", "TV Movie"], "id": 125233, "release_date": "2003-03-24", "revenue": 0, "runtime": 90, "title": "An Unexpected Love"}, {"belongs_to_collection": false, "budget": 0, "genres": ["TV Movie", "Drama"], "id": 50299, "release_date": "1999-05-22", "revenue": 0, "runtime": 101, "title": "A Lesson Before Dying"}, {"belongs_to_collection": false, "budget": 0, "genres": ["Comedy", "Drama"], "id": 36790, "release_date": "2008-01-01", "revenue": 0, "runtime": null, "title": "Uncross The Stars"}, {"belongs_to_collection": false, "budget": 0, "genres": ["Drama", "Romance"], "id": 444951, "release_date": "2016-10-28", "revenue": 0, "runtime": 90, "title": "New Life"}, {"belongs_to_collection": false, "budget": 0, "genres": ["Drama", "Romance"], "id": 79615, "release_date": "1987-03-01", "revenue": 225358, "runtime": 112, "title": "Square Dance"}, {"belongs_to_collection": false, "budget": 0, "genres": ["Drama", "Thriller"], "id": 169641, "release_date": "1993-01-05", "revenue": 0, "runtime": 94, "title": "In the Company of Darkness"}, {"belongs_to_collection": false, "budget": 0, "genres": [], "id": 410599, "release_date": "2005-01-01", "revenue": 0, "runtime": 18, "title": "P.N.O.K."}]}, "Marcia Wright": {"id": 1631215, "results": [{"belongs_to_collection": false, "budget": 23000000, "genres": ["Crime", "Drama"], "id": 470044, "release_date": "2018-10-19", "revenue": 29163535, "runtime": 133, "title": "The Hate U Give"}, {"belongs_to_collection": true, "budget": 12000000, "genres": ["Comedy", "Drama"], "id": 10611, "release_date": "2002-04-01", "revenue": 75781642, "runtime": 102, "title": "Barbershop"}, {"belongs_to_collection": false, "budget": 17000000, "genres": ["Comedy", "Drama", "Romance"], "id": 2064, "release_date": "1995-04-21", "revenue": 182057016, "runtime": 103, "title": "While You Were Sleeping"}, {"belongs_to_collection": true, "budget": 18000000, "genres": ["Comedy", "Drama"], "id": 21301, "release_date": "2004-01-20", "revenue": 65070412, "runtime": 106, "title": "Barbershop 2:  Back in Business"}, {"belongs_to_collection": false, "budget": 0, "genres": ["Comedy", "Drama"], "id": 29461, "release_date": "1997-09-26", "revenue": 0, "runtime": 114, "title": "Soul Food"}, {"belongs_to_collection": false, "budget": 7000000, "genres": ["Action", "Comedy"], "id": 13408, "release_date": "2001-11-16", "revenue": 10229331, "runtime": 93, "title": "The Wash"}, {"belongs_to_collection": false, "budget": 0, "genres": ["Drama", "Romance"], "id": 15155, "release_date": "2002-05-10", "revenue": 3020784, "runtime": 96, "title": "G"}]}, "Isley Nicole Melton": {"id": 366458, "results": [{"belongs_to_collection": false, "budget": 7000000, "genres": ["Action", "Comedy"], "id": 13408, "release_date": "2001-11-16", "revenue": 10229331, "runtime": 93, "title": "The Wash"}, {"belongs_to_collection": false, "budget": 0, "genres": ["Comedy", "Romance"], "id": 53862, "release_date": "1999-05-12", "revenue": 9016377, "runtime": 94, "title": "Trippin'"}, {"belongs_to_collection": false, "budget": 0, "genres": ["Drama", "Crime"], "id": 78451, "release_date": "2001-11-06", "revenue": 0, "runtime": 90, "title": "Three 6 Mafia: Choices"}, {"belongs_to_collection": false, "budget": 0, "genres": ["Action"], "id": 41015, "release_date": "2001-07-21", "revenue": 0, "runtime": 83, "title": "Out Kold"}, {"belongs_to_collection": false, "budget": 3, "genres": [], "id": 533645, "release_date": "2018-06-05", "revenue": 0, "runtime": 80, "title": "All Between Us"}]}, "Nicole Ari Parker": {"id": 74615, "results": [{"belongs_to_collection": false, "budget": 20000000, "genres": ["Science Fiction", "Thriller", "Mystery", "Action", "Adventure"], "id": 475210, "release_date": "2018-07-13", "revenue": 0, "runtime": 113, "title": "How It Ends"}, {"belongs_to_collection": false, "budget": 65000000, "genres": ["Action", "Comedy", "Crime"], "id": 11001, "release_date": "1999-09-17", "revenue": 117758500, "runtime": 93, "title": "Blue Streak"}, {"belongs_to_collection": false, "budget": 15000000, "genres": ["Drama"], "id": 4995, "release_date": "1997-10-07", "revenue": 43101594, "runtime": 156, "title": "Boogie Nights"}, {"belongs_to_collection": false, "budget": 2900000, "genres": ["Action", "Comedy"], "id": 24804, "release_date": "2009-10-16", "revenue": 296557, "runtime": 90, "title": "Black Dynamite"}, {"belongs_to_collection": false, "budget": 55000000, "genres": ["Comedy", "Family"], "id": 19724, "release_date": "2009-06-19", "revenue": 0, "runtime": 107, "title": "Imagine That"}, {"belongs_to_collection": false, "budget": 35000000, "genres": ["Comedy", "Drama"], "id": 13490, "release_date": "2008-02-08", "revenue": 43650785, "runtime": 114, "title": "Welcome Home Roscoe Jenkins"}, {"belongs_to_collection": false, "budget": 30000000, "genres": ["Drama"], "id": 10637, "release_date": "2000-09-29", "revenue": 136706683, "runtime": 113, "title": "Remember the Titans"}, {"belongs_to_collection": false, "budget": 0, "genres": ["Comedy", "Drama", "Romance"], "id": 29371, "release_date": "1995-06-16", "revenue": 0, "runtime": 94, "title": "The Incredibly True Adventure of Two Girls in Love"}, {"belongs_to_collection": false, "budget": 5000000, "genres": ["Drama", "Thriller"], "id": 46625, "release_date": "1997-05-11", "revenue": 0, "runtime": 122, "title": "The End of Violence"}, {"belongs_to_collection": false, "budget": 17000000, "genres": ["Comedy", "Drama"], "id": 340402, "release_date": "2016-11-11", "revenue": 42487325, "runtime": 111, "title": "Almost Christmas"}, {"belongs_to_collection": false, "budget": 6000000, "genres": ["Comedy", "Drama", "Romance"], "id": 15256, "release_date": "1999-02-26", "revenue": 6852450, "runtime": 101, "title": "200 Cigarettes"}, {"belongs_to_collection": false, "budget": 5000000, "genres": ["Horror", "Thriller"], "id": 80920, "release_date": "2014-02-28", "revenue": 1189612, "runtime": 90, "title": "Repentance"}, {"belongs_to_collection": false, "budget": 0, "genres": ["Comedy", "Crime"], "id": 27360, "release_date": "2005-04-22", "revenue": 0, "runtime": 95, "title": "King's Ransom"}, {"belongs_to_collection": false, "budget": 8000000, "genres": ["Comedy", "Romance"], "id": 37964, "release_date": "2002-10-05", "revenue": 27362712, "runtime": 109, "title": "Brown Sugar"}, {"belongs_to_collection": false, "budget": 0, "genres": ["Romance", "Drama", "Comedy"], "id": 28628, "release_date": "1995-10-01", "revenue": 0, "runtime": 99, "title": "Stonewall"}, {"belongs_to_collection": false, "budget": 0, "genres": ["Drama"], "id": 54933, "release_date": "1999-09-13", "revenue": 0, "runtime": 125, "title": "A Map of the World"}, {"belongs_to_collection": false, "budget": 0, "genres": ["Romance", "Comedy"], "id": 62522, "release_date": "2011-05-20", "revenue": 0, "runtime": 104, "title": "35 and Ticking"}, {"belongs_to_collection": false, "budget": 0, "genres": ["Comedy"], "id": 501729, "release_date": "", "revenue": 0, "runtime": null, "title": "HeadShop"}, {"belongs_to_collection": false, "budget": 0, "genres": ["TV Movie", "Crime", "Drama"], "id": 87901, "release_date": "1998-11-08", "revenue": 0, "runtime": 120, "title": "Exiled"}, {"belongs_to_collection": false, "budget": 0, "genres": ["TV Movie", "Comedy", "Drama"], "id": 209802, "release_date": "1997-07-24", "revenue": 0, "runtime": 80, "title": "Subway Stories: Tales from the Underground"}]}, "Toks Olagundoye": {"id": 1256258, "results": [{"belongs_to_collection": false, "budget": 0, "genres": ["Animation", "TV Movie", "Adventure", "Comedy", "Family", "Music"], "id": 537061, "release_date": "2019-09-02", "revenue": 0, "runtime": 82, "title": "Steven Universe: The Movie"}, {"belongs_to_collection": true, "budget": 0, "genres": ["Animation", "Action", "Drama", "Science Fiction"], "id": 487670, "release_date": "2018-07-03", "revenue": 0, "runtime": 81, "title": "The Death of Superman"}, {"belongs_to_collection": false, "budget": 0, "genres": ["Comedy", "Romance", "Drama"], "id": 477510, "release_date": "2018-08-10", "revenue": 0, "runtime": 112, "title": "Dog Days"}, {"belongs_to_collection": true, "budget": 0, "genres": ["Animation", "Action", "Science Fiction"], "id": 487672, "release_date": "2019-01-13", "revenue": 0, "runtime": 87, "title": "Reign of the Supermen"}, {"belongs_to_collection": false, "budget": 0, "genres": ["Fantasy", "Drama", "Comedy"], "id": 423949, "release_date": "2017-09-11", "revenue": 0, "runtime": 92, "title": "Unicorn Store"}, {"belongs_to_collection": false, "budget": 0, "genres": ["Action", "Animation"], "id": 457249, "release_date": "2017-05-08", "revenue": 0, "runtime": 75, "title": "Vixen: The Movie"}, {"belongs_to_collection": false, "budget": 0, "genres": ["Comedy"], "id": 358282, "release_date": "2015-01-15", "revenue": 0, "runtime": 29, "title": "Salem Rogers"}, {"belongs_to_collection": false, "budget": 0, "genres": [], "id": 240988, "release_date": "2012-11-03", "revenue": 0, "runtime": null, "title": "Democracy at Work"}]}, "Opal Alladin": {"id": 59686, "results": [{"belongs_to_collection": false, "budget": 15000000, "genres": ["Drama", "History", "Crime", "Thriller", "Action"], "id": 9829, "release_date": "2006-04-28", "revenue": 76286096, "runtime": 111, "title": "United 93"}, {"belongs_to_collection": false, "budget": 0, "genres": ["Crime", "Drama", "Mystery", "Thriller"], "id": 317091, "release_date": "2017-12-08", "revenue": 0, "runtime": 86, "title": "November Criminals"}, {"belongs_to_collection": false, "budget": 0, "genres": ["Comedy", "Romance"], "id": 50701, "release_date": "2009-10-30", "revenue": 0, "runtime": 94, "title": "How to Seduce Difficult Women"}, {"belongs_to_collection": false, "budget": 0, "genres": ["Documentary"], "id": 330820, "release_date": "2006-12-13", "revenue": 0, "runtime": 60, "title": "United 93: The Families and the Film"}, {"belongs_to_collection": false, "budget": 0, "genres": ["Romance", "Drama"], "id": 364756, "release_date": "2005-06-17", "revenue": 0, "runtime": 90, "title": "Jellysmoke"}]}}