{"Regina Hall": {"ids": "35705", "results": [{"belongs_to_collection": false, "budget": 23000000, "genres": ["Crime", "Drama"], "id": 470044, "release_date": "2018-10-19", "revenue": 34934009, "runtime": 133, "title": "The Hate U Give"}, {"belongs_to_collection": false, "budget": 53000000, "genres": ["Drama", "Crime", "Thriller"], "id": 22803, "release_date": "2009-10-15", "revenue": 126690726, "runtime": 109, "title": "Law Abiding Citizen"}, {"belongs_to_collection": false, "budget": 10000000, "genres": ["Mystery", "Drama", "Horror"], "id": 335791, "release_date": "2016-09-09", "revenue": 30658387, "runtime": 97, "title": "When the Bough Breaks"}, {"belongs_to_collection": true, "budget": 20000000, "genres": ["Comedy", "Drama"], "id": 326423, "release_date": "2016-04-15", "revenue": 55030051, "runtime": 112, "title": "Barbershop: The Next Cut"}, {"belongs_to_collection": false, "budget": 20000000, "genres": ["Action", "Comedy", "Drama", "Romance"], "id": 14736, "release_date": "2000-04-21", "revenue": 27728118, "runtime": 124, "title": "Love & Basketball"}, {"belongs_to_collection": true, "budget": 9000000, "genres": ["Drama", "Comedy"], "id": 16162, "release_date": "1999-10-22", "revenue": 34573780, "runtime": 120, "title": "The Best Man"}, {"belongs_to_collection": false, "budget": 0, "genres": ["Drama", "Comedy"], "id": 456086, "release_date": "2018-08-24", "revenue": 129124, "runtime": 91, "title": "Support the Girls"}, {"belongs_to_collection": false, "budget": 0, "genres": ["Romance", "Comedy", "Drama"], "id": 308027, "release_date": "2015-08-14", "revenue": 0, "runtime": 85, "title": "People, Places, Things"}, {"belongs_to_collection": false, "budget": 0, "genres": ["Action", "Crime", "Drama"], "id": 13098, "release_date": "2002-10-25", "revenue": 3090862, "runtime": 93, "title": "Paid in Full"}, {"belongs_to_collection": false, "budget": 0, "genres": ["Comedy", "Romance", "Drama"], "id": 321160, "release_date": "2015-01-24", "revenue": 0, "runtime": 105, "title": "With This Ring"}, {"belongs_to_collection": false, "budget": 5000000, "genres": ["Drama", "Horror", "Thriller"], "id": 22105, "release_date": "2006-06-10", "revenue": 0, "runtime": 79, "title": "Danika"}, {"belongs_to_collection": false, "budget": 2000000, "genres": ["Romance", "Comedy", "Drama"], "id": 30367, "release_date": "2006-01-01", "revenue": 0, "runtime": 84, "title": "The Elder Son"}, {"belongs_to_collection": false, "budget": 0, "genres": ["TV Movie", "Romance", "Drama"], "id": 45602, "release_date": "2000-12-09", "revenue": 0, "runtime": 115, "title": "Disappearing Acts"}, {"belongs_to_collection": false, "budget": 0, "genres": ["Fantasy", "Romance", "Family", "Drama"], "id": 547344, "release_date": "2018-08-30", "revenue": 0, "runtime": 30, "title": "The Everything"}, {"belongs_to_collection": false, "budget": 0, "genres": ["Comedy", "Drama", "Crime"], "id": 556867, "release_date": "", "revenue": 0, "runtime": 0, "title": "Breaking News in Yuba County"}, {"belongs_to_collection": false, "budget": 0, "genres": ["Fantasy", "Comedy", "Drama"], "id": 185462, "release_date": "1998-01-20", "revenue": 0, "runtime": 97, "title": "Too Tired to Die"}]}, "Robin Givens": {"ids": "59153", "results": [{"belongs_to_collection": true, "budget": 5000000, "genres": ["Drama"], "id": 347126, "release_date": "2016-04-01", "revenue": 23507567, "runtime": 121, "title": "God's Not Dead 2"}, {"belongs_to_collection": false, "budget": 0, "genres": ["Documentary", "Drama"], "id": 8940, "release_date": "2008-05-16", "revenue": 0, "runtime": 90, "title": "Tyson"}, {"belongs_to_collection": false, "budget": 0, "genres": ["Drama", "Family", "Romance"], "id": 434767, "release_date": "2018-09-07", "revenue": 0, "runtime": 111, "title": "God Bless the Broken Road"}, {"belongs_to_collection": false, "budget": 0, "genres": ["Drama", "Romance"], "id": 15450, "release_date": "2008-09-12", "revenue": 0, "runtime": 111, "title": "The Family That Preys"}, {"belongs_to_collection": false, "budget": 4000000, "genres": ["Drama", "Family"], "id": 547454, "release_date": "2018-11-01", "revenue": 0, "runtime": 89, "title": "Never Heard"}, {"belongs_to_collection": false, "budget": 0, "genres": ["Family", "Comedy", "Drama"], "id": 429151, "release_date": "2015-11-13", "revenue": 0, "runtime": 112, "title": "A Christmas to Remember"}, {"belongs_to_collection": false, "budget": 1300000, "genres": ["Drama"], "id": 471288, "release_date": "2018-04-01", "revenue": 0, "runtime": 81, "title": "Dreams I Never Had"}, {"belongs_to_collection": false, "budget": 0, "genres": ["Drama", "TV Movie"], "id": 75777, "release_date": "2003-10-19", "revenue": 0, "runtime": 90, "title": "Hollywood Wives The New Generation"}, {"belongs_to_collection": false, "budget": 0, "genres": ["TV Movie", "Drama"], "id": 134476, "release_date": "1986-04-06", "revenue": 0, "runtime": 97, "title": "Beverly Hills Madam"}, {"belongs_to_collection": false, "budget": 0, "genres": ["Drama"], "id": 60457, "release_date": "1999-04-18", "revenue": 0, "runtime": 93, "title": "Michael Jordan: An American Hero"}, {"belongs_to_collection": false, "budget": 0, "genres": ["Drama"], "id": 23416, "release_date": "1996-03-11", "revenue": 0, "runtime": 90, "title": "A Face to Die For"}, {"belongs_to_collection": false, "budget": 0, "genres": ["Drama", "Romance"], "id": 95743, "release_date": "1994-07-29", "revenue": 0, "runtime": 90, "title": "Foreign Student"}, {"belongs_to_collection": false, "budget": 0, "genres": ["Drama"], "id": 130704, "release_date": "2012-01-31", "revenue": 0, "runtime": 131, "title": "Church Girl"}, {"belongs_to_collection": false, "budget": 0, "genres": ["Drama"], "id": 8784, "release_date": "2000-09-25", "revenue": 0, "runtime": 92, "title": "Everything's Jake"}, {"belongs_to_collection": false, "budget": 0, "genres": ["Drama"], "id": 247651, "release_date": "2012-01-01", "revenue": 0, "runtime": 80, "title": "The Pastor's Secret"}, {"belongs_to_collection": false, "budget": 0, "genres": ["Drama", "TV Movie"], "id": 732094, "release_date": "1996-03-11", "revenue": 0, "runtime": 0, "title": "La Vengeance \u00e0 double face"}, {"belongs_to_collection": false, "budget": 0, "genres": ["Drama"], "id": 113587, "release_date": "1995-01-03", "revenue": 0, "runtime": 96, "title": "Dangerous Intentions"}]}, "Ruby Dee": {"ids": "15532", "results": [{"belongs_to_collection": false, "budget": 100000000, "genres": ["Drama", "Crime"], "id": 4982, "release_date": "2007-11-02", "revenue": 266465037, "runtime": 157, "title": "American Gangster"}, {"belongs_to_collection": false, "budget": 0, "genres": ["Action", "Drama", "Mystery", "Thriller"], "id": 9061, "release_date": "1995-02-17", "revenue": 0, "runtime": 102, "title": "Just Cause"}, {"belongs_to_collection": false, "budget": 6500000, "genres": ["Drama"], "id": 925, "release_date": "1989-06-14", "revenue": 37295445, "runtime": 120, "title": "Do the Right Thing"}, {"belongs_to_collection": false, "budget": 40000000, "genres": ["Drama", "Comedy"], "id": 72358, "release_date": "2012-03-07", "revenue": 22044277, "runtime": 91, "title": "A Thousand Words"}, {"belongs_to_collection": false, "budget": 14000000, "genres": ["Drama", "Romance"], "id": 1713, "release_date": "1991-06-07", "revenue": 32482682, "runtime": 132, "title": "Jungle Fever"}, {"belongs_to_collection": false, "budget": 5000000, "genres": ["Drama"], "id": 76354, "release_date": "2011-10-11", "revenue": 0, "runtime": 95, "title": "Video Girl"}, {"belongs_to_collection": false, "budget": 0, "genres": ["Drama", "Romance"], "id": 17364, "release_date": "2005-03-06", "revenue": 0, "runtime": 113, "title": "Their Eyes Were Watching God"}, {"belongs_to_collection": false, "budget": 1500000, "genres": ["Drama", "Romance"], "id": 29478, "release_date": "1961-05-28", "revenue": 0, "runtime": 128, "title": "A Raisin in the Sun"}, {"belongs_to_collection": false, "budget": 5000000, "genres": ["Drama", "Music"], "id": 65344, "release_date": "2011-08-05", "revenue": 0, "runtime": 92, "title": "The Perfect Age of Rock 'n' Roll"}, {"belongs_to_collection": false, "budget": 0, "genres": ["Crime", "Drama", "Thriller"], "id": 28433, "release_date": "1950-08-16", "revenue": 0, "runtime": 106, "title": "No Way Out"}, {"belongs_to_collection": false, "budget": 0, "genres": ["Romance", "Drama"], "id": 74946, "release_date": "2001-11-11", "revenue": 0, "runtime": 213, "title": "Feast of All Saints"}, {"belongs_to_collection": false, "budget": 105000, "genres": ["Thriller", "Drama"], "id": 66043, "release_date": "1967-11-05", "revenue": 0, "runtime": 107, "title": "The Incident"}, {"belongs_to_collection": false, "budget": 0, "genres": ["Drama"], "id": 35129, "release_date": "1957-01-04", "revenue": 0, "runtime": 85, "title": "Edge of the City"}, {"belongs_to_collection": false, "budget": 0, "genres": ["Drama", "Thriller"], "id": 121971, "release_date": "1968-12-28", "revenue": 0, "runtime": 104, "title": "Uptight"}, {"belongs_to_collection": false, "budget": 0, "genres": ["Drama"], "id": 165640, "release_date": "2013-02-02", "revenue": 0, "runtime": 90, "title": "Betty and Coretta"}, {"belongs_to_collection": false, "budget": 0, "genres": ["TV Movie", "Drama"], "id": 102275, "release_date": "1990-12-02", "revenue": 0, "runtime": 100, "title": "Decoration Day"}, {"belongs_to_collection": false, "budget": 0, "genres": ["Drama"], "id": 22264, "release_date": "2009-02-28", "revenue": 0, "runtime": 0, "title": "America"}, {"belongs_to_collection": false, "budget": 0, "genres": ["Drama", "TV Movie"], "id": 235519, "release_date": "1979-04-28", "revenue": 0, "runtime": 96, "title": "I Know Why the Caged Bird Sings"}, {"belongs_to_collection": false, "budget": 2200000, "genres": ["Drama"], "id": 196235, "release_date": "2007-11-15", "revenue": 0, "runtime": 120, "title": "Steam"}, {"belongs_to_collection": false, "budget": 0, "genres": ["Romance", "Drama"], "id": 155881, "release_date": "1996-03-13", "revenue": 0, "runtime": 105, "title": "Mr. and Mrs. Loving"}]}, "Viola Davis": {"ids": "19492", "results": [{"belongs_to_collection": false, "budget": 25000000, "genres": ["Drama"], "id": 50014, "release_date": "2011-08-09", "revenue": 216639112, "runtime": 146, "title": "The Help"}, {"belongs_to_collection": false, "budget": 46000000, "genres": ["Drama", "Thriller", "Crime"], "id": 146233, "release_date": "2013-09-18", "revenue": 122126687, "runtime": 153, "title": "Prisoners"}, {"belongs_to_collection": false, "budget": 53000000, "genres": ["Drama", "Crime", "Thriller"], "release_date": "2009-10-15", "revenue": 126690726, "runtime": 109, "title": "Law Abiding Citizen", "actors/actresses": ["Regina Hall"], "id": 22803}, {"belongs_to_collection": false, "budget": 60000000, "genres": ["Drama", "Romance"], "id": 38167, "release_date": "2010-08-12", "revenue": 204594016, "runtime": 133, "title": "Eat Pray Love"}, {"belongs_to_collection": false, "budget": 60000000, "genres": ["Fantasy", "Drama", "Romance"], "id": 109491, "release_date": "2013-02-13", "revenue": 60052138, "runtime": 124, "title": "Beautiful Creatures"}, {"belongs_to_collection": false, "budget": 8000000, "genres": ["Comedy", "Drama"], "id": 43923, "release_date": "2010-10-08", "revenue": 6491240, "runtime": 102, "title": "It's Kind of a Funny Story"}, {"belongs_to_collection": false, "budget": 0, "genres": ["Comedy", "Drama", "Family"], "id": 525946, "release_date": "2019-02-01", "revenue": 0, "runtime": 94, "title": "Troop Zero"}, {"belongs_to_collection": false, "budget": 40000000, "genres": ["Drama"], "id": 10060, "release_date": "2005-11-09", "revenue": 46442528, "runtime": 117, "title": "Get Rich or Die Tryin'"}, {"belongs_to_collection": false, "budget": 20000000, "genres": ["Thriller", "Drama", "Mystery"], "id": 8271, "release_date": "2007-04-12", "revenue": 117760134, "runtime": 105, "title": "Disturbia"}, {"belongs_to_collection": false, "budget": 0, "genres": ["Drama", "Music"], "id": 615667, "release_date": "2020-11-27", "revenue": 0, "runtime": 94, "title": "Ma Rainey's Black Bottom"}, {"belongs_to_collection": false, "budget": 24000000, "genres": ["Drama"], "id": 393457, "release_date": "2016-12-16", "revenue": 64414761, "runtime": 139, "title": "Fences"}, {"belongs_to_collection": true, "budget": 0, "genres": ["Comedy", "Crime", "Drama"], "id": 15670, "release_date": "2009-02-16", "revenue": 90508336, "runtime": 103, "title": "Madea Goes to Jail"}, {"belongs_to_collection": false, "budget": 60000000, "genres": ["Thriller", "Drama"], "id": 16995, "release_date": "2009-04-17", "revenue": 87784194, "runtime": 127, "title": "State of Play"}, {"belongs_to_collection": false, "budget": 48000000, "genres": ["Thriller", "Drama", "Crime"], "id": 1900, "release_date": "2000-03-23", "revenue": 207515725, "runtime": 147, "title": "Traffic"}, {"belongs_to_collection": true, "budget": 0, "genres": ["Drama"], "id": 275060, "release_date": "2014-10-10", "revenue": 0, "runtime": 100, "title": "The Disappearance of Eleanor Rigby: Her"}, {"belongs_to_collection": true, "budget": 0, "genres": ["TV Movie", "Crime", "Drama", "Thriller"], "id": 31046, "release_date": "2005-02-20", "revenue": 0, "runtime": 87, "title": "Jesse Stone: Stone Cold"}, {"belongs_to_collection": false, "budget": 20000000, "genres": ["Drama", "Mystery"], "id": 14359, "release_date": "2008-02-27", "revenue": 50907234, "runtime": 104, "title": "Doubt"}, {"belongs_to_collection": false, "budget": 0, "genres": ["Drama", "Romance"], "id": 14326, "release_date": "2008-09-26", "revenue": 84375061, "runtime": 97, "title": "Nights in Rodanthe"}, {"belongs_to_collection": false, "budget": 40000000, "genres": ["Drama"], "id": 64685, "release_date": "2011-12-24", "revenue": 55247881, "runtime": 129, "title": "Extremely Loud & Incredibly Close"}, {"belongs_to_collection": false, "budget": 12500000, "genres": ["Drama", "Romance"], "id": 13435, "release_date": "2002-12-19", "revenue": 23367586, "runtime": 120, "title": "Antwone Fisher"}]}, "Cicely Tyson": {"ids": "18249", "results": [{"belongs_to_collection": false, "budget": 25000000, "genres": ["Drama"], "release_date": "2011-08-09", "revenue": 216639112, "runtime": 146, "title": "The Help", "actors/actresses": ["Viola Davis"], "id": 50014}, {"belongs_to_collection": true, "budget": 9000000, "genres": ["Horror", "Drama", "Thriller"], "id": 150202, "release_date": "2013-02-01", "revenue": 0, "runtime": 101, "title": "The Haunting in Connecticut 2: Ghosts of Georgia"}, {"belongs_to_collection": true, "budget": 6000000, "genres": ["Drama", "Comedy", "Romance"], "id": 16781, "release_date": "2006-02-24", "revenue": 57231524, "runtime": 110, "title": "Madea's Family Reunion"}, {"belongs_to_collection": true, "budget": 0, "genres": ["Comedy", "Drama", "Romance"], "id": 16186, "release_date": "2005-02-25", "revenue": 0, "runtime": 116, "title": "Diary of a Mad Black Woman"}, {"belongs_to_collection": false, "budget": 14000000, "genres": ["Comedy", "Drama", "Family"], "id": 17880, "release_date": "2005-02-18", "revenue": 32645546, "runtime": 106, "title": "Because of Winn-Dixie"}, {"belongs_to_collection": true, "budget": 14000000, "genres": ["Action", "Drama", "Thriller"], "id": 29723, "release_date": "1979-08-17", "revenue": 13015688, "runtime": 123, "title": "The Concorde... Airport '79"}, {"belongs_to_collection": false, "budget": 0, "genres": ["Drama", "Comedy"], "id": 419709, "release_date": "2017-11-03", "revenue": 0, "runtime": 125, "title": "Last Flag Flying"}, {"belongs_to_collection": false, "budget": 11000000, "genres": ["Drama", "Comedy"], "id": 1633, "release_date": "1991-12-27", "revenue": 119418501, "runtime": 130, "title": "Fried Green Tomatoes"}, {"belongs_to_collection": false, "budget": 30000000, "genres": ["Crime", "Drama"], "id": 22073, "release_date": "1997-08-27", "revenue": 0, "runtime": 130, "title": "Hoodlum"}, {"belongs_to_collection": false, "budget": 0, "genres": ["Crime", "Drama", "Music"], "id": 13816, "release_date": "2006-08-25", "revenue": 0, "runtime": 121, "title": "Idlewild"}, {"belongs_to_collection": false, "budget": 0, "genres": ["Crime", "Drama", "Thriller"], "id": 26983, "release_date": "1959-10-15", "revenue": 0, "runtime": 96, "title": "Odds Against Tomorrow"}, {"belongs_to_collection": false, "budget": 0, "genres": ["Adventure", "Comedy", "Drama"], "id": 31361, "release_date": "1981-05-22", "revenue": 0, "runtime": 94, "title": "Bustin' Loose"}, {"belongs_to_collection": false, "budget": 0, "genres": ["Comedy", "Drama"], "id": 340005, "release_date": "2016-04-23", "revenue": 0, "runtime": 100, "title": "Showing Roots"}, {"belongs_to_collection": false, "budget": 0, "genres": ["Drama", "TV Movie"], "id": 26622, "release_date": "1998-03-21", "revenue": 0, "runtime": 104, "title": "Always Outnumbered"}, {"belongs_to_collection": false, "budget": 0, "genres": ["TV Movie", "Drama"], "id": 50299, "release_date": "1999-05-22", "revenue": 0, "runtime": 101, "title": "A Lesson Before Dying"}, {"belongs_to_collection": false, "budget": 0, "genres": ["Drama"], "id": 126781, "release_date": "1959-10-22", "revenue": 0, "runtime": 100, "title": "The Last Angry Man"}, {"belongs_to_collection": false, "budget": 12000000, "genres": ["Adventure", "Family", "Fantasy", "Drama"], "id": 100922, "release_date": "1976-04-05", "revenue": 887000, "runtime": 95, "title": "The Blue Bird"}, {"belongs_to_collection": false, "budget": 0, "genres": ["Drama"], "id": 22176, "release_date": "1968-07-31", "revenue": 0, "runtime": 123, "title": "The Heart Is a Lonely Hunter"}, {"belongs_to_collection": false, "budget": 0, "genres": ["Drama"], "id": 101279, "release_date": "1978-02-03", "revenue": 0, "runtime": 107, "title": "A Hero Ain't Nothin' But a Sandwich"}, {"belongs_to_collection": false, "budget": 0, "genres": ["Drama", "TV Movie"], "id": 258673, "release_date": "2014-03-08", "revenue": 0, "runtime": 89, "title": "The Trip to Bountiful"}]}, "Brandy Norwood": {"ids": "33285", "results": [{"belongs_to_collection": false, "budget": 0, "genres": ["Drama"], "id": 97006, "release_date": "2013-03-29", "revenue": 0, "runtime": 111, "title": "Temptation: Confessions of a Marriage Counselor"}, {"belongs_to_collection": false, "budget": 0, "genres": ["Drama", "Music", "Romance"], "id": 515264, "release_date": "2018-03-15", "revenue": 0, "runtime": 92, "title": "Forbidden"}, {"belongs_to_collection": false, "budget": 0, "genres": ["Drama", "Music", "TV Movie"], "id": 121105, "release_date": "1999-05-16", "revenue": 0, "runtime": 94, "title": "Double Platinum"}]}, "Grace Jones": {"ids": "10661", "results": [{"belongs_to_collection": false, "budget": 0, "genres": ["Drama", "Fantasy", "Horror"], "id": 43749, "release_date": "2001-09-21", "revenue": 0, "runtime": 97, "title": "Wolf Girl"}, {"belongs_to_collection": false, "budget": 0, "genres": ["Drama", "Mystery", "Thriller"], "id": 42014, "release_date": "1987-11-11", "revenue": 0, "runtime": 97, "title": "Siesta"}, {"belongs_to_collection": false, "budget": 0, "genres": ["Drama"], "id": 51175, "release_date": "2005-05-03", "revenue": 0, "runtime": 179, "title": "Shaka Zulu: The Last Great Warrior"}, {"belongs_to_collection": false, "budget": 0, "genres": ["Action", "Drama", "Thriller"], "id": 89652, "release_date": "1976-07-24", "revenue": 0, "runtime": 110, "title": "Colt 38 Special Squad"}, {"belongs_to_collection": false, "budget": 0, "genres": ["Drama", "Music"], "id": 42862, "release_date": "2008-02-07", "revenue": 0, "runtime": 114, "title": "Falco: Damn It, We're Still Alive!"}, {"belongs_to_collection": false, "budget": 0, "genres": ["Action", "Drama"], "id": 214172, "release_date": "1981-01-01", "revenue": 0, "runtime": 84, "title": "Deadly Vengeance"}]}, "Diahann Carroll": {"ids": "20158", "results": [{"belongs_to_collection": false, "budget": 0, "genres": ["Adventure", "Fantasy", "Romance", "Drama", "Family"], "id": 385448, "release_date": "2018-08-02", "revenue": 0, "runtime": 98, "title": "The Little Mermaid"}, {"belongs_to_collection": false, "budget": 0, "genres": ["Drama", "Music"], "id": 29475, "release_date": "1991-03-29", "revenue": 0, "runtime": 121, "title": "The Five Heartbeats"}, {"belongs_to_collection": false, "budget": 0, "genres": ["Drama"], "id": 45153, "release_date": "1997-11-07", "revenue": 0, "runtime": 109, "title": "Eve's Bayou"}, {"belongs_to_collection": false, "budget": 750000, "genres": ["Drama", "Romance"], "id": 51044, "release_date": "1954-10-28", "revenue": 0, "runtime": 105, "title": "Carmen Jones"}, {"belongs_to_collection": false, "budget": 0, "genres": ["Drama", "Romance", "Comedy"], "id": 55909, "release_date": "1974-04-22", "revenue": 0, "runtime": 92, "title": "Claudine"}, {"belongs_to_collection": false, "budget": 0, "genres": ["Drama", "Romance"], "id": 174335, "release_date": "2000-02-13", "revenue": 0, "runtime": 251, "title": "Sally Hemings: An American Scandal"}, {"belongs_to_collection": false, "budget": 0, "genres": ["Drama", "Romance"], "id": 84119, "release_date": "1961-05-23", "revenue": 0, "runtime": 120, "title": "Goodbye Again"}, {"belongs_to_collection": false, "budget": 0, "genres": ["Romance", "Drama", "Music"], "id": 33710, "release_date": "1961-09-27", "revenue": 0, "runtime": 98, "title": "Paris Blues"}, {"belongs_to_collection": false, "budget": 7000000, "genres": ["Music", "Drama", "Romance"], "id": 1940, "release_date": "1959-06-24", "revenue": 0, "runtime": 138, "title": "Porgy and Bess"}, {"belongs_to_collection": false, "budget": 0, "genres": ["Drama", "Mystery", "Crime"], "id": 229166, "release_date": "1994-05-10", "revenue": 0, "runtime": 120, "title": "A Perry Mason Mystery: The Case of the Lethal Lifestyle"}, {"belongs_to_collection": false, "budget": 0, "genres": ["Drama"], "id": 118911, "release_date": "1967-02-09", "revenue": 0, "runtime": 146, "title": "Hurry Sundown"}, {"belongs_to_collection": false, "budget": 0, "genres": ["Drama", "TV Movie"], "release_date": "1979-04-28", "revenue": 0, "runtime": 96, "title": "I Know Why the Caged Bird Sings", "actors/actresses": ["Ruby Dee"], "id": 235519}, {"belongs_to_collection": false, "budget": 0, "genres": ["Drama", "History", "Romance"], "id": 69936, "release_date": "2000-01-24", "revenue": 0, "runtime": 87, "title": "The Courage to Love"}, {"belongs_to_collection": false, "budget": 0, "genres": ["Crime", "Drama", "TV Movie", "History"], "id": 258427, "release_date": "1975-09-26", "revenue": 0, "runtime": 96, "title": "Death Scream"}, {"belongs_to_collection": false, "budget": 0, "genres": ["Drama"], "id": 434779, "release_date": "2000-12-10", "revenue": 0, "runtime": 85, "title": "Livin' for Love: The Natalie Cole Story"}, {"belongs_to_collection": false, "budget": 0, "genres": ["History", "Drama"], "id": 252664, "release_date": "1999-04-18", "revenue": 0, "runtime": 100, "title": "Having Our Say: The Delany Sisters' First 100 Years"}, {"belongs_to_collection": false, "budget": 0, "genres": ["Crime", "Drama", "Thriller", "TV Movie"], "id": 564238, "release_date": "1990-01-07", "revenue": 0, "runtime": 100, "title": "Murder in Black and White"}, {"belongs_to_collection": false, "budget": 0, "genres": ["Drama", "Fantasy", "Horror", "Mystery", "TV Movie"], "id": 132447, "release_date": "1989-02-27", "revenue": 0, "runtime": 144, "title": "From the Dead of Night"}, {"belongs_to_collection": false, "budget": 0, "genres": ["Drama"], "id": 111595, "release_date": "2009-01-27", "revenue": 0, "runtime": 113, "title": "Diary of a Single Mom"}]}, "Pam Grier": {"ids": "2230", "results": [{"belongs_to_collection": false, "budget": 12000000, "genres": ["Crime", "Thriller", "Drama"], "id": 184, "release_date": "1997-04-10", "revenue": 39673162, "runtime": 154, "title": "Jackie Brown"}, {"belongs_to_collection": false, "budget": 0, "genres": ["Comedy", "Drama"], "id": 574241, "release_date": "2019-05-09", "revenue": 8600192, "runtime": 91, "title": "Poms"}, {"belongs_to_collection": false, "budget": 30000000, "genres": ["Comedy", "Romance", "Drama"], "id": 59861, "release_date": "2011-06-30", "revenue": 36160375, "runtime": 98, "title": "Larry Crowne"}, {"belongs_to_collection": false, "budget": 0, "genres": ["Comedy", "Drama", "Romance"], "id": 38093, "release_date": "2010-05-14", "revenue": 21520719, "runtime": 100, "title": "Just Wright"}, {"belongs_to_collection": false, "budget": 0, "genres": ["Drama", "Crime", "TV Movie"], "id": 336845, "release_date": "2015-05-02", "revenue": 0, "runtime": 88, "title": "Cleveland Abduction"}, {"belongs_to_collection": false, "budget": 130000000, "genres": ["Comedy", "Family", "Drama"], "id": 15489, "release_date": "2000-02-11", "revenue": 62500000, "runtime": 89, "title": "Snow Day"}, {"belongs_to_collection": false, "budget": 0, "genres": ["Comedy", "Drama"], "id": 13787, "release_date": "1999-09-04", "revenue": 0, "runtime": 115, "title": "Holy Smoke"}, {"belongs_to_collection": true, "budget": 2090000, "genres": ["Comedy", "Drama", "Thriller"], "id": 5722, "release_date": "1970-07-17", "revenue": 40000000, "runtime": 109, "title": "Beyond the Valley of the Dolls"}, {"belongs_to_collection": false, "budget": 7000000, "genres": ["Drama", "Action", "Thriller", "Crime"], "id": 22314, "release_date": "1999-08-25", "revenue": 14011454, "runtime": 95, "title": "In Too Deep"}, {"belongs_to_collection": false, "budget": 0, "genres": ["Crime", "Drama"], "id": 77084, "release_date": "2001-07-01", "revenue": 0, "runtime": 88, "title": "3 A.M."}, {"belongs_to_collection": false, "budget": 0, "genres": ["Crime", "Drama"], "id": 23668, "release_date": "1981-02-06", "revenue": 0, "runtime": 125, "title": "Fort Apache, the Bronx"}, {"belongs_to_collection": false, "budget": 0, "genres": ["Action", "Crime", "Drama"], "id": 34462, "release_date": "1971-10-19", "revenue": 0, "runtime": 81, "title": "Women in Cages"}, {"belongs_to_collection": false, "budget": 0, "genres": ["Romance", "Drama", "Crime"], "id": 39125, "release_date": "2003-03-27", "revenue": 0, "runtime": 104, "title": "Love the Hard Way"}, {"belongs_to_collection": false, "budget": 0, "genres": ["Action", "Crime", "Drama"], "id": 22910, "release_date": "1972-07-01", "revenue": 0, "runtime": 96, "title": "The Big Bird Cage"}, {"belongs_to_collection": true, "budget": 0, "genres": ["History", "Action", "Thriller", "Drama"], "id": 86194, "release_date": "1976-07-30", "revenue": 0, "runtime": 110, "title": "Drum"}, {"belongs_to_collection": false, "budget": 0, "genres": ["Action", "Drama"], "id": 42517, "release_date": "1971-01-01", "revenue": 0, "runtime": 95, "title": "The Big Doll House"}, {"belongs_to_collection": false, "budget": 4800000, "genres": ["Action", "Drama", "Crime", "Thriller"], "id": 40507, "release_date": "1996-05-10", "revenue": 3014000, "runtime": 99, "title": "Original Gangstas"}, {"belongs_to_collection": false, "budget": 0, "genres": ["Crime", "Drama"], "id": 27592, "release_date": "2005-05-24", "revenue": 0, "runtime": 103, "title": "Back in the Day"}, {"belongs_to_collection": false, "budget": 0, "genres": ["Drama"], "id": 87822, "release_date": "2012-04-13", "revenue": 0, "runtime": 101, "title": "Woman Thou Art Loosed: On the 7th Day"}, {"belongs_to_collection": false, "budget": 0, "genres": ["Romance", "Drama"], "release_date": "2001-11-11", "revenue": 0, "runtime": 213, "title": "Feast of All Saints", "actors/actresses": ["Ruby Dee"], "id": 74946}]}, "Regina King": {"ids": "9788", "results": [{"belongs_to_collection": false, "budget": 40000000, "genres": ["Drama", "Music"], "id": 1677, "release_date": "2004-10-29", "revenue": 124731534, "runtime": 152, "title": "Ray"}, {"belongs_to_collection": false, "budget": 90000000, "genres": ["Action", "Drama", "Thriller"], "id": 9798, "release_date": "1998-11-20", "revenue": 250649836, "runtime": 132, "title": "Enemy of the State"}, {"belongs_to_collection": false, "budget": 50000000, "genres": ["Comedy", "Drama", "Romance"], "id": 9390, "release_date": "1996-12-13", "revenue": 273552592, "runtime": 138, "title": "Jerry Maguire"}, {"belongs_to_collection": false, "budget": 6500000, "genres": ["Drama"], "id": 650, "release_date": "1991-07-12", "revenue": 57504069, "runtime": 112, "title": "Boyz n the Hood"}, {"belongs_to_collection": false, "budget": 12000000, "genres": ["Drama", "Romance"], "id": 465914, "release_date": "2018-12-14", "revenue": 20572691, "runtime": 120, "title": "If Beale Street Could Talk"}, {"belongs_to_collection": false, "budget": 14000000, "genres": ["Drama", "Romance"], "id": 8291, "release_date": "1993-07-23", "revenue": 27515786, "runtime": 109, "title": "Poetic Justice"}, {"belongs_to_collection": false, "budget": 13000000, "genres": ["Comedy", "Drama", "Romance"], "id": 15250, "release_date": "2007-11-27", "revenue": 0, "runtime": 117, "title": "This Christmas"}, {"belongs_to_collection": false, "budget": 0, "genres": ["Romance", "Drama", "Crime"], "id": 16295, "release_date": "1995-01-11", "revenue": 38290723, "runtime": 127, "title": "Higher Learning"}, {"belongs_to_collection": true, "budget": 0, "genres": ["Romance", "Drama"], "id": 28031, "release_date": "2000-03-05", "revenue": 0, "runtime": 96, "title": "If These Walls Could Talk 2"}, {"belongs_to_collection": false, "budget": 20000000, "genres": ["Comedy", "Drama", "Romance"], "id": 33644, "release_date": "1998-08-14", "revenue": 37672350, "runtime": 124, "title": "How Stella Got Her Groove Back"}, {"belongs_to_collection": false, "budget": 0, "genres": ["Comedy", "Drama", "Romance"], "id": 13574, "release_date": "2007-04-13", "revenue": 0, "runtime": 97, "title": "Year of the Dog"}, {"belongs_to_collection": false, "budget": 0, "genres": ["Drama"], "id": 30849, "release_date": "2008-10-18", "revenue": 0, "runtime": 125, "title": "Living Proof"}, {"belongs_to_collection": false, "budget": 0, "genres": ["TV Movie", "Drama"], "id": 254065, "release_date": "2014-02-01", "revenue": 0, "runtime": 90, "title": "The Gabby Douglas Story"}, {"belongs_to_collection": false, "budget": 0, "genres": ["Drama"], "id": 393313, "release_date": "2002-01-01", "revenue": 0, "runtime": 83, "title": "Truth Be Told"}, {"belongs_to_collection": false, "budget": 0, "genres": ["Crime", "Drama", "Family", "Thriller"], "id": 229928, "release_date": "2013-09-30", "revenue": 0, "runtime": 15, "title": "Inside the Box"}, {"belongs_to_collection": false, "budget": 0, "genres": ["Western", "Drama", "Crime", "Thriller", "Music"], "id": 618162, "release_date": "", "revenue": 0, "runtime": null, "title": "The Harder They Fall"}]}, "Jada Pinkett Smith": {"ids": "9575", "results": [{"belongs_to_collection": false, "budget": 65000000, "genres": ["Drama", "Crime", "Thriller"], "id": 1538, "release_date": "2004-08-04", "revenue": 217764291, "runtime": 120, "title": "Collateral"}, {"belongs_to_collection": true, "budget": 14800000, "genres": ["Comedy", "Drama"], "id": 264999, "release_date": "2015-07-01", "revenue": 117813057, "runtime": 115, "title": "Magic Mike XXL"}, {"belongs_to_collection": false, "budget": 107000000, "genres": ["Drama"], "id": 8489, "release_date": "2001-12-11", "revenue": 87713825, "runtime": 157, "title": "Ali"}, {"belongs_to_collection": false, "budget": 3500000, "genres": ["Drama", "Crime"], "id": 9516, "release_date": "1993-05-26", "revenue": 27900000, "runtime": 97, "title": "Menace II Society"}, {"belongs_to_collection": false, "budget": 20000000, "genres": ["Drama"], "id": 2355, "release_date": "2007-03-23", "revenue": 22222308, "runtime": 124, "title": "Reign Over Me"}, {"belongs_to_collection": false, "budget": 16000000, "genres": ["Family", "Comedy", "Drama", "Romance"], "id": 13972, "release_date": "2008-09-12", "revenue": 50007546, "runtime": 114, "title": "The Women"}, {"belongs_to_collection": false, "budget": 9000000, "genres": ["Crime", "Drama", "Thriller"], "id": 9400, "release_date": "1996-11-06", "revenue": 41590886, "runtime": 123, "title": "Set It Off"}, {"belongs_to_collection": false, "budget": 0, "genres": ["Drama", "Thriller", "Romance"], "id": 10278, "release_date": "1998-08-10", "revenue": 0, "runtime": 109, "title": "Return to Paradise"}, {"belongs_to_collection": false, "budget": 0, "genres": ["Comedy", "Drama"], "id": 24664, "release_date": "2000-10-06", "revenue": 0, "runtime": 136, "title": "Bamboozled"}, {"belongs_to_collection": false, "budget": 0, "genres": ["Comedy", "Drama", "Romance"], "id": 59930, "release_date": "1994-04-22", "revenue": 8880705, "runtime": 110, "title": "The Inkwell"}, {"belongs_to_collection": false, "budget": 7000000, "genres": ["Crime", "Drama", "Romance"], "id": 22067, "release_date": "1994-09-28", "revenue": 20851521, "runtime": 119, "title": "Jason's Lyric"}, {"belongs_to_collection": false, "budget": 0, "genres": ["Comedy", "Drama"], "id": 38803, "release_date": "2001-04-11", "revenue": 0, "runtime": 94, "title": "Kingdom Come"}, {"belongs_to_collection": true, "budget": 0, "genres": ["TV Movie", "Drama"], "id": 35203, "release_date": "1996-10-13", "revenue": 0, "runtime": 97, "title": "If These Walls Could Talk"}, {"belongs_to_collection": false, "budget": 0, "genres": ["Drama"], "id": 22633, "release_date": "2008-09-12", "revenue": 0, "runtime": 107, "title": "The Human Contract"}]}, "Diana Ross": {"ids": "32715", "results": [{"belongs_to_collection": false, "budget": 0, "genres": ["Drama", "Music", "Romance"], "id": 23148, "release_date": "1972-10-12", "revenue": 0, "runtime": 144, "title": "Lady Sings the Blues"}, {"belongs_to_collection": false, "budget": 0, "genres": ["Drama", "Romance"], "id": 3554, "release_date": "1975-10-08", "revenue": 0, "runtime": 109, "title": "Mahogany"}, {"belongs_to_collection": false, "budget": 0, "genres": ["Drama", "Music", "TV Movie"], "release_date": "1999-05-16", "revenue": 0, "runtime": 94, "title": "Double Platinum", "actors/actresses": ["Brandy Norwood"], "id": 121105}, {"belongs_to_collection": false, "budget": 0, "genres": ["TV Movie", "Drama"], "id": 117398, "release_date": "1994-01-16", "revenue": 0, "runtime": 100, "title": "Out of Darkness"}]}, "Keke Palmer": {"ids": "74688", "results": [{"belongs_to_collection": false, "budget": 20000000, "genres": ["Drama", "Comedy", "Crime"], "id": 540901, "release_date": "2019-09-12", "revenue": 157600000, "runtime": 110, "title": "Hustlers"}, {"belongs_to_collection": true, "budget": 18000000, "genres": ["Comedy", "Drama"], "id": 21301, "release_date": "2004-01-20", "revenue": 65070412, "runtime": 106, "title": "Barbershop 2: Back in Business"}, {"belongs_to_collection": true, "budget": 6000000, "genres": ["Drama", "Comedy", "Romance"], "release_date": "2006-02-24", "revenue": 57231524, "runtime": 110, "title": "Madea's Family Reunion", "actors/actresses": ["Cicely Tyson"], "id": 16781}, {"belongs_to_collection": false, "budget": 0, "genres": ["Drama", "Comedy", "Romance"], "id": 13968, "release_date": "2007-04-27", "revenue": 0, "runtime": 85, "title": "Jump In!"}, {"belongs_to_collection": false, "budget": 5100000, "genres": ["Comedy", "Drama"], "id": 22640, "release_date": "2009-07-24", "revenue": 0, "runtime": 104, "title": "Shrink"}, {"belongs_to_collection": false, "budget": 0, "genres": ["Drama", "Family", "Comedy"], "id": 13579, "release_date": "2008-08-22", "revenue": 0, "runtime": 94, "title": "The Longshots"}, {"belongs_to_collection": true, "budget": 0, "genres": ["Animation", "Drama", "Family"], "id": 13017, "release_date": "2008-09-12", "revenue": 0, "runtime": 80, "title": "Unstable Fables: Tortoise vs. Hare"}, {"belongs_to_collection": false, "budget": 8000000, "genres": ["Drama"], "id": 13751, "release_date": "2006-04-28", "revenue": 18948425, "runtime": 112, "title": "Akeelah and the Bee"}, {"belongs_to_collection": false, "budget": 0, "genres": ["TV Movie", "Comedy", "Drama", "Music"], "id": 110490, "release_date": "2012-05-28", "revenue": 0, "runtime": 88, "title": "Rags"}, {"belongs_to_collection": false, "budget": 0, "genres": ["Drama"], "id": 253154, "release_date": "2014-01-20", "revenue": 0, "runtime": 87, "title": "Imperial Dreams"}, {"belongs_to_collection": false, "budget": 1900000, "genres": ["Drama"], "id": 295886, "release_date": "2015-04-24", "revenue": 0, "runtime": 89, "title": "Brotherly Love"}, {"belongs_to_collection": false, "budget": 0, "genres": ["Mystery", "Drama"], "id": 139255, "release_date": "2012-10-06", "revenue": 0, "runtime": 90, "title": "Abducted: The Carlina White Story"}, {"belongs_to_collection": false, "budget": 0, "genres": ["Drama"], "id": 81700, "release_date": "2004-11-20", "revenue": 0, "runtime": 103, "title": "The Wool Cap"}, {"belongs_to_collection": false, "budget": 0, "genres": ["Drama"], "id": 58104, "release_date": "2005-12-06", "revenue": 0, "runtime": 89, "title": "Knights of the South Bronx"}, {"belongs_to_collection": false, "budget": 0, "genres": ["Drama"], "id": 417688, "release_date": "2018-11-09", "revenue": 0, "runtime": 86, "title": "Pimp"}, {"belongs_to_collection": false, "budget": 0, "genres": ["Drama", "TV Movie"], "release_date": "2014-03-08", "revenue": 0, "runtime": 89, "title": "The Trip to Bountiful", "actors/actresses": ["Cicely Tyson"], "id": 258673}, {"belongs_to_collection": false, "budget": 0, "genres": ["TV Movie", "Drama"], "id": 229580, "release_date": "2013-10-21", "revenue": 0, "runtime": 104, "title": "Crazy Sexy Cool: The TLC Story"}]}, "Janet Jackson": {"ids": "54421", "results": [{"belongs_to_collection": false, "budget": 14000000, "genres": ["Drama", "Romance"], "release_date": "1993-07-23", "revenue": 27515786, "runtime": 109, "title": "Poetic Justice", "actors/actresses": ["Regina King"], "id": 8291}, {"belongs_to_collection": false, "budget": 0, "genres": ["Drama"], "id": 44944, "release_date": "2010-11-05", "revenue": 37000000, "runtime": 134, "title": "For Colored Girls"}, {"belongs_to_collection": true, "budget": 15000000, "genres": ["Comedy", "Drama"], "id": 17202, "release_date": "2007-10-12", "revenue": 55184721, "runtime": 113, "title": "Why Did I Get Married?"}, {"belongs_to_collection": false, "budget": 10000, "genres": ["Action", "Mystery", "Crime", "Drama"], "id": 754149, "release_date": "2019-10-11", "revenue": 1000000, "runtime": 47, "title": "A  Cold Case"}]}, "Thandie Newton": {"ids": "9030", "results": [{"belongs_to_collection": false, "budget": 55000000, "genres": ["Drama"], "id": 1402, "release_date": "2006-12-14", "revenue": 307077295, "runtime": 117, "title": "The Pursuit of Happyness"}, {"belongs_to_collection": true, "budget": 60000000, "genres": ["Horror", "Drama", "Fantasy"], "id": 628, "release_date": "1994-11-11", "revenue": 223664608, "runtime": 123, "title": "Interview with the Vampire"}, {"belongs_to_collection": false, "budget": 6500000, "genres": ["Drama"], "id": 1640, "release_date": "2005-05-06", "revenue": 98410061, "runtime": 112, "title": "Crash"}, {"belongs_to_collection": false, "budget": 35000000, "genres": ["Drama"], "id": 291984, "release_date": "2019-03-13", "revenue": 0, "runtime": 127, "title": "The Death & Life of John F. Donovan"}, {"belongs_to_collection": false, "budget": 0, "genres": ["Comedy", "Drama", "Romance"], "id": 62008, "release_date": "2012-02-23", "revenue": 0, "runtime": 111, "title": "Good Deeds"}, {"belongs_to_collection": false, "budget": 25100000, "genres": ["Drama", "History"], "id": 10523, "release_date": "2008-10-17", "revenue": 29506464, "runtime": 131, "title": "W."}, {"belongs_to_collection": false, "budget": 27000000, "genres": ["Comedy", "Romance", "Drama"], "id": 13092, "release_date": "2008-10-02", "revenue": 17286299, "runtime": 110, "title": "How to Lose Friends & Alienate People"}, {"belongs_to_collection": false, "budget": 0, "genres": ["Drama", "Thriller", "Horror", "Science Fiction"], "id": 73936, "release_date": "2011-10-14", "revenue": 0, "runtime": 89, "title": "Retreat"}, {"belongs_to_collection": false, "budget": 0, "genres": ["Drama"], "release_date": "2010-11-05", "revenue": 37000000, "runtime": 134, "title": "For Colored Girls", "actors/actresses": ["Janet Jackson"], "id": 44944}, {"belongs_to_collection": false, "budget": 0, "genres": ["Crime", "Drama", "Comedy"], "id": 12489, "release_date": "1997-01-29", "revenue": 0, "runtime": 91, "title": "Gridlock'd"}, {"belongs_to_collection": false, "budget": 0, "genres": ["Drama", "Thriller"], "id": 39437, "release_date": "1998-10-16", "revenue": 0, "runtime": 172, "title": "Beloved"}, {"belongs_to_collection": false, "budget": 14000000, "genres": ["Drama", "Romance", "History"], "id": 87729, "release_date": "1995-03-31", "revenue": 2474000, "runtime": 139, "title": "Jefferson in Paris"}, {"belongs_to_collection": false, "budget": 0, "genres": ["Drama", "Romance"], "id": 21828, "release_date": "1991-03-20", "revenue": 2415396, "runtime": 99, "title": "Flirting"}, {"belongs_to_collection": false, "budget": 0, "genres": ["Thriller", "Drama", "Crime"], "id": 24909, "release_date": "1993-10-08", "revenue": 0, "runtime": 103, "title": "The Young Americans"}, {"belongs_to_collection": false, "budget": 0, "genres": ["Comedy", "Drama"], "id": 274947, "release_date": "2000-10-27", "revenue": 0, "runtime": 96, "title": "It Was an Accident"}, {"belongs_to_collection": false, "budget": 0, "genres": ["Thriller", "Drama", "Romance"], "id": 46338, "release_date": "1996-12-12", "revenue": 0, "runtime": 100, "title": "The Leading Man"}, {"belongs_to_collection": false, "budget": 0, "genres": ["Drama", "Romance"], "id": 44297, "release_date": "1998-02-05", "revenue": 0, "runtime": 93, "title": "Besieged"}, {"belongs_to_collection": false, "budget": 0, "genres": ["Romance", "Drama"], "id": 209401, "release_date": "2013-09-08", "revenue": 0, "runtime": 106, "title": "Half of a Yellow Sun"}, {"belongs_to_collection": false, "budget": 0, "genres": ["Drama"], "id": 61548, "release_date": "1995-09-14", "revenue": 0, "runtime": 91, "title": "The Journey of August King"}, {"belongs_to_collection": false, "budget": 500000, "genres": ["Drama", "Mystery", "Thriller"], "id": 54850, "release_date": "1994-09-01", "revenue": 0, "runtime": 91, "title": "Loaded"}]}, "Zoe Saldana": {"ids": "8691", "results": [{"belongs_to_collection": false, "budget": 15100000, "genres": ["Drama", "Fantasy"], "id": 419831, "release_date": "2018-01-21", "revenue": 0, "runtime": 106, "title": "I Kill Giants"}, {"belongs_to_collection": false, "budget": 40000000, "genres": ["Action", "Thriller", "Crime", "Drama"], "id": 62835, "release_date": "2011-07-27", "revenue": 60965854, "runtime": 108, "title": "Colombiana"}, {"belongs_to_collection": false, "budget": 60000000, "genres": ["Comedy", "Drama"], "id": 594, "release_date": "2004-06-17", "revenue": 219417255, "runtime": 128, "title": "The Terminal"}, {"belongs_to_collection": false, "budget": 825000, "genres": ["Comedy", "Romance", "Drama"], "id": 17097, "release_date": "2007-09-26", "revenue": 0, "runtime": 78, "title": "After Sex"}, {"belongs_to_collection": false, "budget": 20000000, "genres": ["Drama", "Romance", "Comedy", "Music"], "id": 13497, "release_date": "2002-12-13", "revenue": 57588485, "runtime": 118, "title": "Drumline"}, {"belongs_to_collection": false, "budget": 40000000, "genres": ["Drama", "Action", "Thriller", "Crime"], "id": 7461, "release_date": "2008-02-01", "revenue": 151161491, "runtime": 90, "title": "Vantage Point"}, {"belongs_to_collection": false, "budget": 22000000, "genres": ["Thriller", "Drama", "Crime"], "id": 164457, "release_date": "2013-12-06", "revenue": 15400000, "runtime": 116, "title": "Out of the Furnace"}, {"belongs_to_collection": false, "budget": 6000000, "genres": ["Drama", "Thriller"], "id": 83686, "release_date": "2012-09-07", "revenue": 13231461, "runtime": 96, "title": "The Words"}, {"belongs_to_collection": true, "budget": 18000000, "genres": ["Drama", "Music"], "id": 10560, "release_date": "2000-05-12", "revenue": 17200925, "runtime": 115, "title": "Center Stage"}, {"belongs_to_collection": false, "budget": 12000000, "genres": ["Action", "Adventure", "Comedy", "Drama", "Family", "Music", "Romance"], "id": 17130, "release_date": "2002-02-15", "revenue": 61141030, "runtime": 93, "title": "Crossroads"}, {"belongs_to_collection": false, "budget": 32000000, "genres": ["Action", "Crime", "Drama", "Thriller"], "id": 22907, "release_date": "2010-08-26", "revenue": 69055695, "runtime": 107, "title": "Takers"}, {"belongs_to_collection": false, "budget": 108000000, "genres": ["Crime", "Drama", "Thriller"], "id": 259695, "release_date": "2016-12-25", "revenue": 22678555, "runtime": 129, "title": "Live by Night"}, {"belongs_to_collection": false, "budget": 25500000, "genres": ["Thriller", "Crime", "Drama"], "id": 190955, "release_date": "2013-08-22", "revenue": 2415472, "runtime": 128, "title": "Blood Ties"}, {"belongs_to_collection": false, "budget": 6700000, "genres": ["Drama", "Comedy"], "id": 244539, "release_date": "2014-01-18", "revenue": 1430655, "runtime": 87, "title": "Infinitely Polar Bear"}, {"belongs_to_collection": false, "budget": 0, "genres": ["Drama", "Music"], "id": 360389, "release_date": "2016-04-22", "revenue": 0, "runtime": 90, "title": "Nina"}, {"belongs_to_collection": false, "budget": 0, "genres": ["Comedy", "Drama"], "id": 15022, "release_date": "2005-08-26", "revenue": 0, "runtime": 87, "title": "Dirty Deeds"}, {"belongs_to_collection": false, "budget": 0, "genres": ["Drama", "Crime"], "id": 9830, "release_date": "2004-09-10", "revenue": 0, "runtime": 115, "title": "Haven"}, {"belongs_to_collection": true, "budget": 0, "genres": ["Action", "Drama", "Science Fiction", "Adventure", "Fantasy"], "id": 83533, "release_date": "2024-12-19", "revenue": 0, "runtime": 0, "title": "Avatar 3"}, {"belongs_to_collection": false, "budget": 5800000, "genres": ["Comedy", "Drama", "Family"], "id": 45013, "release_date": "2010-04-23", "revenue": 0, "runtime": 112, "title": "Burning Palms"}, {"belongs_to_collection": false, "budget": 0, "genres": ["Drama", "Thriller"], "id": 26056, "release_date": "2001-09-13", "revenue": 70569, "runtime": 113, "title": "Snipes"}]}, "Kat Graham": {"ids": "159962", "results": [{"belongs_to_collection": false, "budget": 0, "genres": ["Action", "Crime", "Drama", "Thriller"], "id": 493065, "release_date": "2020-07-31", "revenue": 0, "runtime": 123, "title": "Cut Throat City"}, {"belongs_to_collection": false, "budget": 0, "genres": ["Drama", "History"], "id": 666219, "release_date": "2020-08-18", "revenue": 0, "runtime": 99, "title": "Emperor"}, {"belongs_to_collection": false, "budget": 40000000, "genres": ["Drama", "Music"], "id": 402529, "release_date": "2017-06-12", "revenue": 44922302, "runtime": 139, "title": "All Eyez on Me"}, {"belongs_to_collection": false, "budget": 0, "genres": ["Drama", "Thriller"], "id": 235271, "release_date": "2014-10-10", "revenue": 0, "runtime": 105, "title": "Addicted"}, {"belongs_to_collection": true, "budget": 0, "genres": ["Comedy", "Drama", "Music"], "id": 63710, "release_date": "2011-06-23", "revenue": 0, "runtime": 110, "title": "Honey 2"}, {"belongs_to_collection": false, "budget": 16000000, "genres": ["Thriller", "Drama", "Horror"], "id": 49950, "release_date": "2011-02-04", "revenue": 52545707, "runtime": 91, "title": "The Roommate"}]}, "Jennifer Hudson": {"ids": "15565", "results": [{"belongs_to_collection": true, "budget": 75000000, "genres": ["Animation", "Comedy", "Drama", "Family", "Music"], "id": 335797, "release_date": "2016-11-23", "revenue": 634151679, "runtime": 108, "title": "Sing"}, {"belongs_to_collection": false, "budget": 95000000, "genres": ["Fantasy", "Comedy", "Drama"], "id": 536869, "release_date": "2019-12-19", "revenue": 73515024, "runtime": 110, "title": "Cats"}, {"belongs_to_collection": true, "budget": 65000000, "genres": ["Comedy", "Drama", "Romance"], "id": 4564, "release_date": "2008-05-12", "revenue": 415252786, "runtime": 145, "title": "Sex and the City"}, {"belongs_to_collection": false, "budget": 70000000, "genres": ["Drama", "Music"], "id": 1125, "release_date": "2006-12-25", "revenue": 154937680, "runtime": 134, "title": "Dreamgirls"}, {"belongs_to_collection": false, "budget": 11000000, "genres": ["Adventure", "Drama"], "id": 12837, "release_date": "2008-09-17", "revenue": 38105395, "runtime": 114, "title": "The Secret Life of Bees"}, {"belongs_to_collection": false, "budget": 0, "genres": ["Drama", "History", "TV Movie"], "id": 348390, "release_date": "2016-04-16", "revenue": 0, "runtime": 110, "title": "Confirmation"}, {"belongs_to_collection": false, "budget": 0, "genres": ["Crime", "Drama"], "id": 16056, "release_date": "2008-06-24", "revenue": 0, "runtime": 95, "title": "Winged Creatures"}, {"belongs_to_collection": false, "budget": 0, "genres": ["Romance", "Comedy", "Drama", "TV Movie"], "id": 409447, "release_date": "2016-12-07", "revenue": 0, "runtime": 120, "title": "Hairspray Live!"}, {"belongs_to_collection": false, "budget": 0, "genres": ["Music", "Drama"], "id": 592863, "release_date": "2021-08-13", "revenue": 0, "runtime": 0, "title": "Respect"}, {"belongs_to_collection": false, "budget": 0, "genres": ["Drama"], "id": 158908, "release_date": "2013-10-11", "revenue": 0, "runtime": 108, "title": "The Inevitable Defeat of Mister & Pete"}, {"belongs_to_collection": false, "budget": 0, "genres": ["Drama", "Crime", "Comedy"], "id": 340275, "release_date": "2015-12-04", "revenue": 0, "runtime": 127, "title": "Chi-Raq"}, {"belongs_to_collection": false, "budget": 17500000, "genres": ["Drama", "Music"], "id": 175541, "release_date": "2013-11-27", "revenue": 7018189, "runtime": 93, "title": "Black Nativity"}, {"belongs_to_collection": false, "budget": 0, "genres": ["Drama"], "id": 489932, "release_date": "2019-11-22", "revenue": 0, "runtime": 91, "title": "All Rise"}, {"belongs_to_collection": false, "budget": 0, "genres": ["Drama"], "id": 187541, "release_date": "2013-04-20", "revenue": 0, "runtime": 90, "title": "Call Me Crazy: A Five Film"}, {"belongs_to_collection": false, "budget": 0, "genres": ["Drama"], "id": 261768, "release_date": "2014-06-13", "revenue": 0, "runtime": 117, "title": "Lullaby"}, {"belongs_to_collection": false, "budget": 15000000, "genres": ["Drama"], "id": 75033, "release_date": "2011-09-16", "revenue": 0, "runtime": 107, "title": "Winnie Mandela"}]}, "Tyra Banks": {"ids": "77897", "results": [{"belongs_to_collection": false, "budget": 35000000, "genres": ["Comedy", "Drama", "Family", "Music", "Romance"], "id": 18126, "release_date": "2009-04-10", "revenue": 155545279, "runtime": 102, "title": "Hannah Montana: The Movie"}, {"belongs_to_collection": false, "budget": 45000000, "genres": ["Comedy", "Drama", "Music", "Romance"], "id": 6282, "release_date": "2000-07-30", "revenue": 113916474, "runtime": 100, "title": "Coyote Ugly"}, {"belongs_to_collection": false, "budget": 20000000, "genres": ["Action", "Comedy", "Drama", "Romance"], "release_date": "2000-04-21", "revenue": 27728118, "runtime": 124, "title": "Love & Basketball", "actors/actresses": ["Regina Hall"], "id": 14736}, {"belongs_to_collection": false, "budget": 0, "genres": ["Romance", "Drama", "Crime"], "release_date": "1995-01-11", "revenue": 38290723, "runtime": 127, "title": "Higher Learning", "actors/actresses": ["Regina King"], "id": 16295}]}, "Sharon Leal": {"ids": "15566", "results": [{"belongs_to_collection": false, "budget": 0, "genres": ["Drama", "Thriller"], "release_date": "2014-10-10", "revenue": 0, "runtime": 105, "title": "Addicted", "actors/actresses": ["Kat Graham"], "id": 235271}, {"belongs_to_collection": false, "budget": 0, "genres": ["Drama"], "id": 515333, "release_date": "2018-04-06", "revenue": 0, "runtime": 96, "title": "Amateur"}, {"belongs_to_collection": false, "budget": 13000000, "genres": ["Comedy", "Drama", "Romance"], "release_date": "2007-11-27", "revenue": 0, "runtime": 117, "title": "This Christmas", "actors/actresses": ["Regina King"], "id": 15250}, {"belongs_to_collection": false, "budget": 0, "genres": ["Crime", "Drama", "Thriller"], "id": 758935, "release_date": "2020-11-13", "revenue": 0, "runtime": 83, "title": "Blindfire"}, {"belongs_to_collection": false, "budget": 70000000, "genres": ["Drama", "Music"], "release_date": "2006-12-25", "revenue": 154937680, "runtime": 134, "title": "Dreamgirls", "actors/actresses": ["Jennifer Hudson"], "id": 1125}, {"belongs_to_collection": true, "budget": 15000000, "genres": ["Comedy", "Drama"], "release_date": "2007-10-12", "revenue": 55184721, "runtime": 113, "title": "Why Did I Get Married?", "actors/actresses": ["Janet Jackson"], "id": 17202}, {"belongs_to_collection": false, "budget": 0, "genres": ["Drama"], "id": 469035, "release_date": "2017-09-22", "revenue": 0, "runtime": 89, "title": "Shot"}, {"belongs_to_collection": false, "budget": 14500000, "genres": ["Drama", "Music"], "id": 288980, "release_date": "2014-08-21", "revenue": 0, "runtime": 98, "title": "Freedom"}, {"belongs_to_collection": false, "budget": 5000000, "genres": ["Action", "Adventure", "Crime", "Drama", "Thriller"], "id": 15012, "release_date": "2008-01-01", "revenue": 0, "runtime": 90, "title": "Linewatch"}, {"belongs_to_collection": false, "budget": 0, "genres": ["Drama"], "release_date": "2012-04-13", "revenue": 0, "runtime": 101, "title": "Woman Thou Art Loosed: On the 7th Day", "actors/actresses": ["Pam Grier"], "id": 87822}, {"belongs_to_collection": true, "budget": 0, "genres": ["Drama", "Thriller"], "id": 39178, "release_date": "2007-05-01", "revenue": 0, "runtime": 94, "title": "Motives 2"}, {"belongs_to_collection": false, "budget": 1000000, "genres": ["Drama"], "id": 215918, "release_date": "2013-12-31", "revenue": 0, "runtime": 90, "title": "1982"}, {"belongs_to_collection": false, "budget": 0, "genres": ["TV Movie", "Drama"], "id": 324114, "release_date": "2015-02-07", "revenue": 0, "runtime": 84, "title": "White Water"}, {"belongs_to_collection": false, "budget": 0, "genres": ["Drama"], "id": 426084, "release_date": "", "revenue": 0, "runtime": null, "title": "Traces"}]}, "Gugu Mbatha-Raw": {"ids": "1216606", "results": [{"belongs_to_collection": false, "budget": 26000000, "genres": ["Drama", "Thriller"], "id": 504562, "release_date": "2019-10-31", "revenue": 18377736, "runtime": 145, "title": "Motherless Brooklyn"}, {"belongs_to_collection": false, "budget": 0, "genres": ["Drama", "History", "Comedy"], "id": 567965, "release_date": "2020-03-12", "revenue": 1073290, "runtime": 107, "title": "Misbehaviour"}, {"belongs_to_collection": false, "budget": 13000000, "genres": ["Drama", "Thriller"], "id": 376290, "release_date": "2016-11-25", "revenue": 9101546, "runtime": 132, "title": "Miss Sloane"}, {"belongs_to_collection": false, "budget": 50000000, "genres": ["Action", "Drama", "History", "War"], "id": 316152, "release_date": "2016-06-24", "revenue": 25035950, "runtime": 140, "title": "Free State of Jones"}, {"belongs_to_collection": false, "budget": 10900000, "genres": ["Drama"], "id": 205601, "release_date": "2013-05-01", "revenue": 16505460, "runtime": 105, "title": "Belle"}, {"belongs_to_collection": false, "budget": 10000000, "genres": ["Comedy", "Romance", "Drama"], "id": 450489, "release_date": "2018-02-16", "revenue": 0, "runtime": 96, "title": "Irreplaceable You"}, {"belongs_to_collection": false, "budget": 0, "genres": ["Drama", "Thriller"], "id": 331583, "release_date": "2016-03-25", "revenue": 0, "runtime": 93, "title": "The Whole Truth"}, {"belongs_to_collection": false, "budget": 35000000, "genres": ["Drama"], "id": 321741, "release_date": "2015-11-12", "revenue": 50363790, "runtime": 123, "title": "Concussion"}, {"belongs_to_collection": false, "budget": 30000000, "genres": ["Comedy", "Romance", "Drama"], "release_date": "2011-06-30", "revenue": 36160375, "runtime": 98, "title": "Larry Crowne", "actors/actresses": ["Pam Grier"], "id": 59861}, {"belongs_to_collection": false, "budget": 7000000, "genres": ["Romance", "Drama"], "id": 241771, "release_date": "2014-09-10", "revenue": 14618727, "runtime": 116, "title": "Beyond the Lights"}, {"belongs_to_collection": false, "budget": 0, "genres": ["Fantasy", "Adventure", "Drama"], "id": 527400, "release_date": "2020-03-06", "revenue": 0, "runtime": 0, "title": "Come Away"}, {"belongs_to_collection": false, "budget": 0, "genres": ["Drama", "War"], "id": 523977, "release_date": "2020-07-24", "revenue": 0, "runtime": 100, "title": "Summerland"}, {"belongs_to_collection": false, "budget": 0, "genres": ["Thriller", "Drama", "Science Fiction"], "id": 450487, "release_date": "2019-03-29", "revenue": 76916, "runtime": 102, "title": "Fast Color"}, {"belongs_to_collection": false, "budget": 0, "genres": ["Drama"], "id": 475214, "release_date": "2018-09-08", "revenue": 0, "runtime": 107, "title": "Farming"}, {"belongs_to_collection": false, "budget": 0, "genres": ["Comedy", "Drama", "Music", "TV Movie"], "id": 256096, "release_date": "2006-06-10", "revenue": 0, "runtime": 90, "title": "Viva Blackpool"}, {"belongs_to_collection": false, "budget": 0, "genres": ["Thriller", "Drama", "Crime"], "id": 392499, "release_date": "2008-07-03", "revenue": 0, "runtime": 90, "title": "Fallout"}, {"belongs_to_collection": false, "budget": 0, "genres": ["Drama", "TV Movie"], "id": 61528, "release_date": "2006-12-04", "revenue": 0, "runtime": 83, "title": "Born Equal"}, {"belongs_to_collection": false, "budget": 0, "genres": ["Romance", "Drama"], "id": 328234, "release_date": "2005-11-14", "revenue": 0, "runtime": 180, "title": "Walk Away and I Stumble"}]}, "Eartha Kitt": {"ids": "70243", "results": [{"belongs_to_collection": false, "budget": 20000000, "genres": ["Adventure", "Family", "Drama", "Comedy"], "id": 8326, "release_date": "2003-04-18", "revenue": 0, "runtime": 117, "title": "Holes"}, {"belongs_to_collection": false, "budget": 12000000, "genres": ["Comedy", "Drama", "Family"], "id": 38223, "release_date": "1996-07-10", "revenue": 0, "runtime": 100, "title": "Harriet the Spy"}, {"belongs_to_collection": false, "budget": 0, "genres": ["Romance", "Drama"], "release_date": "2001-11-11", "revenue": 0, "runtime": 213, "title": "Feast of All Saints", "actors/actresses": ["Ruby Dee", "Pam Grier"], "id": 74946}, {"belongs_to_collection": false, "budget": 0, "genres": ["Drama"], "id": 170477, "release_date": "1958-11-01", "revenue": 0, "runtime": 97, "title": "Anna Lucasta"}, {"belongs_to_collection": false, "budget": 0, "genres": ["Drama", "History"], "id": 83132, "release_date": "1958-04-07", "revenue": 0, "runtime": 105, "title": "St. Louis Blues"}, {"belongs_to_collection": false, "budget": 0, "genres": ["Drama"], "id": 222761, "release_date": "1979-06-15", "revenue": 0, "runtime": 87, "title": "Tropic of Desire"}, {"belongs_to_collection": false, "budget": 0, "genres": ["Drama"], "id": 134338, "release_date": "1965-04-13", "revenue": 0, "runtime": 118, "title": "Uncle Tom's Cabin"}, {"belongs_to_collection": false, "budget": 0, "genres": ["Drama", "History"], "id": 242780, "release_date": "1987-05-12", "revenue": 0, "runtime": 93, "title": "Dragonard"}, {"belongs_to_collection": false, "budget": 0, "genres": ["Drama"], "id": 113103, "release_date": "1965-05-05", "revenue": 0, "runtime": 107, "title": "Synanon"}, {"belongs_to_collection": false, "budget": 0, "genres": ["Crime", "Drama"], "id": 252943, "release_date": "1972-10-12", "revenue": 0, "runtime": 73, "title": "Lieutenant Schuster's Wife"}, {"belongs_to_collection": false, "budget": 0, "genres": ["Drama"], "id": 92189, "release_date": "1957-12-01", "revenue": 0, "runtime": 83, "title": "The Mark of the Hawk"}, {"belongs_to_collection": false, "budget": 0, "genres": ["Adventure", "Drama"], "id": 169558, "release_date": "1987-05-13", "revenue": 0, "runtime": 93, "title": "Master of Dragonard Hill"}, {"belongs_to_collection": false, "budget": 0, "genres": ["TV Movie", "Drama", "Adventure"], "id": 705492, "release_date": "1958-11-06", "revenue": 0, "runtime": 89, "title": "Heart of Darkness"}]}, "Michael Michele": {"ids": "39977", "results": [{"belongs_to_collection": false, "budget": 107000000, "genres": ["Drama"], "release_date": "2001-12-11", "revenue": 87713825, "runtime": 157, "title": "Ali", "actors/actresses": ["Jada Pinkett Smith"], "id": 8489}, {"belongs_to_collection": false, "budget": 8500000, "genres": ["Thriller", "Crime", "Drama"], "id": 10952, "release_date": "1991-03-08", "revenue": 47624253, "runtime": 97, "title": "New Jack City"}, {"belongs_to_collection": false, "budget": 0, "genres": ["Fantasy", "Drama", "Comedy", "Science Fiction"], "id": 36807, "release_date": "1997-03-28", "revenue": 0, "runtime": 107, "title": "The Sixth Man"}, {"belongs_to_collection": false, "budget": 0, "genres": ["TV Movie", "Crime", "Drama", "Thriller", "Horror"], "id": 26301, "release_date": "2005-10-09", "revenue": 0, "runtime": 82, "title": "The Hunt for the BTK Killer"}, {"belongs_to_collection": false, "budget": 0, "genres": ["Drama", "Crime"], "id": 31006, "release_date": "2000-02-13", "revenue": 0, "runtime": 89, "title": "Homicide: The Movie"}, {"belongs_to_collection": false, "budget": 0, "genres": ["Drama", "TV Movie"], "id": 248170, "release_date": "2009-03-14", "revenue": 0, "runtime": 89, "title": "Relative Stranger"}]}, "Whitney Houston": {"ids": "8851", "results": [{"belongs_to_collection": false, "budget": 25000000, "genres": ["Thriller", "Action", "Drama", "Music", "Romance"], "id": 619, "release_date": "1992-11-25", "revenue": 411006740, "runtime": 129, "title": "The Bodyguard"}, {"belongs_to_collection": false, "budget": 14000000, "genres": ["Drama", "Music"], "id": 88036, "release_date": "2012-08-17", "revenue": 24637469, "runtime": 116, "title": "Sparkle"}, {"belongs_to_collection": false, "budget": 40000000, "genres": ["Fantasy", "Drama", "Comedy", "Family", "Romance"], "id": 21539, "release_date": "1996-12-13", "revenue": 48093211, "runtime": 124, "title": "The Preacher's Wife"}, {"belongs_to_collection": false, "budget": 16000000, "genres": ["Comedy", "Drama", "Romance"], "id": 31357, "release_date": "1995-12-22", "revenue": 81452156, "runtime": 127, "title": "Waiting to Exhale"}]}, "Sanaa Lathan": {"ids": "5411", "results": [{"belongs_to_collection": false, "budget": 60000000, "genres": ["Drama", "Thriller", "Science Fiction"], "id": 39538, "release_date": "2011-09-08", "revenue": 137551594, "runtime": 106, "title": "Contagion"}, {"belongs_to_collection": false, "budget": 0, "genres": ["Drama"], "id": 17740, "release_date": "2009-05-08", "revenue": 0, "runtime": 106, "title": "Powder Blue"}, {"belongs_to_collection": false, "budget": 50000000, "genres": ["Thriller", "Crime", "Drama"], "id": 2116, "release_date": "2003-10-03", "revenue": 55495563, "runtime": 105, "title": "Out of Time"}, {"belongs_to_collection": false, "budget": 20000000, "genres": ["Action", "Comedy", "Drama", "Romance"], "release_date": "2000-04-21", "revenue": 27728118, "runtime": 124, "title": "Love & Basketball", "actors/actresses": ["Regina Hall", "Tyra Banks"], "id": 14736}, {"belongs_to_collection": false, "budget": 0, "genres": ["Thriller", "Drama", "Science Fiction"], "id": 328429, "release_date": "2016-06-03", "revenue": 10232, "runtime": 90, "title": "Approaching the Unknown"}, {"belongs_to_collection": false, "budget": 0, "genres": ["Comedy", "Drama", "Romance"], "id": 15363, "release_date": "2006-01-29", "revenue": 11400000, "runtime": 99, "title": "Something New"}, {"belongs_to_collection": true, "budget": 9000000, "genres": ["Drama", "Comedy"], "release_date": "1999-10-22", "revenue": 34573780, "runtime": 120, "title": "The Best Man", "actors/actresses": ["Regina Hall"], "id": 16162}, {"belongs_to_collection": false, "budget": 0, "genres": ["Drama"], "id": 512199, "release_date": "2019-01-24", "revenue": 0, "runtime": 114, "title": "Native Son"}, {"belongs_to_collection": false, "budget": 6000000, "genres": ["Comedy", "Drama", "Romance"], "id": 16158, "release_date": "1999-07-16", "revenue": 25059640, "runtime": 106, "title": "The Wood"}, {"belongs_to_collection": false, "budget": 0, "genres": ["Drama", "Romance"], "release_date": "2008-09-12", "revenue": 0, "runtime": 111, "title": "The Family That Preys", "actors/actresses": ["Robin Givens"], "id": 15450}, {"belongs_to_collection": false, "budget": 0, "genres": ["Comedy", "Drama", "Romance"], "id": 27735, "release_date": "2009-01-08", "revenue": 0, "runtime": 89, "title": "Wonderful World"}, {"belongs_to_collection": false, "budget": 0, "genres": ["TV Movie", "Romance", "Drama"], "release_date": "2000-12-09", "revenue": 0, "runtime": 115, "title": "Disappearing Acts", "actors/actresses": ["Regina Hall"], "id": 45602}, {"belongs_to_collection": false, "budget": 0, "genres": ["Drama"], "id": 25781, "release_date": "2008-02-25", "revenue": 0, "runtime": 131, "title": "A Raisin in the Sun"}, {"belongs_to_collection": false, "budget": 0, "genres": ["Drama", "Comedy"], "id": 287821, "release_date": "1999-04-14", "revenue": 0, "runtime": 119, "title": "Catfish in Black Bean Sauce"}, {"belongs_to_collection": false, "budget": 0, "genres": ["Drama"], "id": 282821, "release_date": "1997-10-26", "revenue": 0, "runtime": 92, "title": "Miracle in the Woods"}]}, "Tamara Dobson": {"ids": "21923", "results": [{"belongs_to_collection": true, "budget": 0, "genres": ["Action", "Crime", "Drama", "Thriller"], "id": 18406, "release_date": "1983-05-27", "revenue": 0, "runtime": 99, "title": "Chained Heat"}, {"belongs_to_collection": true, "budget": 0, "genres": ["Action", "Adventure", "Drama"], "id": 2139, "release_date": "1975-07-11", "revenue": 0, "runtime": 94, "title": "Cleopatra Jones and the Casino of Gold"}, {"belongs_to_collection": false, "budget": 0, "genres": ["Comedy", "Crime", "Drama"], "id": 4986, "release_date": "1972-07-14", "revenue": 0, "runtime": 93, "title": "Fuzz"}, {"belongs_to_collection": false, "budget": 0, "genres": ["Comedy", "Drama"], "id": 91722, "release_date": "1976-09-29", "revenue": 0, "runtime": 91, "title": "Norman... Is That You?"}, {"belongs_to_collection": false, "budget": 0, "genres": ["Thriller", "Drama"], "id": 449987, "release_date": "1977-03-20", "revenue": 0, "runtime": 100, "title": "Murder at the World Series"}, {"belongs_to_collection": false, "budget": 0, "genres": ["Thriller", "Crime", "Drama", "TV Movie"], "id": 197487, "release_date": "1984-01-29", "revenue": 0, "runtime": 95, "title": "Amazons"}]}, "Taraji P. Henson": {"ids": "40036", "results": [{"belongs_to_collection": false, "budget": 40000000, "genres": ["Action", "Adventure", "Drama", "Family"], "id": 38575, "release_date": "2010-06-10", "revenue": 357852395, "runtime": 140, "title": "The Karate Kid"}, {"belongs_to_collection": false, "budget": 150000000, "genres": ["Drama", "Fantasy", "Romance"], "id": 4922, "release_date": "2008-12-25", "revenue": 333932083, "runtime": 166, "title": "The Curious Case of Benjamin Button"}, {"belongs_to_collection": false, "budget": 6000000, "genres": ["Drama", "Thriller", "Mystery"], "id": 65650, "release_date": "2011-04-23", "revenue": 5206, "runtime": 93, "title": "The Good Doctor"}, {"belongs_to_collection": false, "budget": 25000000, "genres": ["Drama", "History"], "id": 381284, "release_date": "2016-12-10", "revenue": 230698791, "runtime": 127, "title": "Hidden Figures"}, {"belongs_to_collection": false, "budget": 10000000, "genres": ["Drama", "History"], "id": 458131, "release_date": "2019-04-05", "revenue": 0, "runtime": 133, "title": "The Best of Enemies"}, {"belongs_to_collection": false, "budget": 30000000, "genres": ["Comedy", "Romance", "Drama"], "release_date": "2011-06-30", "revenue": 36160375, "runtime": 98, "title": "Larry Crowne", "actors/actresses": ["Pam Grier", "Gugu Mbatha-Raw"], "id": 59861}, {"belongs_to_collection": false, "budget": 16000000, "genres": ["Crime", "Drama", "Romance", "Thriller"], "id": 16161, "release_date": "2001-06-27", "revenue": 29381649, "runtime": 130, "title": "Baby Boy"}, {"belongs_to_collection": true, "budget": 0, "genres": ["Drama", "Comedy"], "id": 26367, "release_date": "2009-09-11", "revenue": 0, "runtime": 113, "title": "I Can Do Bad All By Myself"}, {"belongs_to_collection": false, "budget": 0, "genres": ["Drama", "Comedy"], "id": 284296, "release_date": "2014-12-12", "revenue": 25434291, "runtime": 102, "title": "Top Five"}, {"belongs_to_collection": false, "budget": 0, "genres": ["Comedy", "Drama", "Romance"], "release_date": "2006-01-29", "revenue": 11400000, "runtime": 99, "title": "Something New", "actors/actresses": ["Sanaa Lathan"], "id": 15363}, {"belongs_to_collection": false, "budget": 8000000, "genres": ["Drama"], "id": 10476, "release_date": "2005-07-22", "revenue": 23563727, "runtime": 116, "title": "Hustle & Flow"}, {"belongs_to_collection": true, "budget": 0, "genres": ["Action", "Drama"], "id": 10252, "release_date": "2005-05-01", "revenue": 0, "runtime": 93, "title": "Animal"}, {"belongs_to_collection": false, "budget": 0, "genres": ["Drama", "Romance"], "release_date": "2008-09-12", "revenue": 0, "runtime": 111, "title": "The Family That Preys", "actors/actresses": ["Robin Givens", "Sanaa Lathan"], "id": 15450}, {"belongs_to_collection": false, "budget": 0, "genres": ["Drama", "Romance"], "id": 14834, "release_date": "2009-01-09", "revenue": 0, "runtime": 99, "title": "Not Easily Broken"}, {"belongs_to_collection": false, "budget": 0, "genres": ["Drama"], "id": 6535, "release_date": "2007-07-13", "revenue": 4778376, "runtime": 118, "title": "Talk to Me"}, {"belongs_to_collection": false, "budget": 0, "genres": ["Drama", "Action", "Crime"], "id": 44862, "release_date": "2010-11-02", "revenue": 0, "runtime": 89, "title": "Once Fallen"}, {"belongs_to_collection": false, "budget": 143000, "genres": ["Drama"], "id": 32007, "release_date": "2009-12-08", "revenue": 1000000, "runtime": 103, "title": "Hurricane Season"}, {"belongs_to_collection": false, "budget": 0, "genres": ["Drama"], "id": 70692, "release_date": "2011-01-31", "revenue": 0, "runtime": 87, "title": "Taken from Me: The Tiffany Rubin Story"}, {"belongs_to_collection": false, "budget": 0, "genres": ["TV Movie", "Drama", "Horror"], "id": 221506, "release_date": "2000-03-13", "revenue": 0, "runtime": 87, "title": "Satan's School for Girls"}, {"belongs_to_collection": false, "budget": 0, "genres": ["Drama"], "id": 211097, "release_date": "2013-06-08", "revenue": 0, "runtime": 97, "title": "From the Rough"}]}, "Traci Bingham": {"ids": "97780", "results": [{"belongs_to_collection": false, "budget": 0, "genres": ["Comedy", "Drama"], "id": 27455, "release_date": "1999-04-09", "revenue": 6033999, "runtime": 84, "title": "Foolish"}]}, "Naomie Harris": {"ids": "2038", "results": [{"belongs_to_collection": false, "budget": 30000000, "genres": ["Action", "Drama"], "id": 307081, "release_date": "2015-03-24", "revenue": 91709827, "runtime": 123, "title": "Southpaw"}, {"belongs_to_collection": false, "budget": 175000000, "genres": ["Adventure", "Drama"], "id": 407436, "release_date": "2018-11-25", "revenue": 0, "runtime": 105, "title": "Mowgli: Legend of the Jungle"}, {"belongs_to_collection": false, "budget": 4000000, "genres": ["Drama"], "id": 376867, "release_date": "2016-10-21", "revenue": 65046687, "runtime": 111, "title": "Moonlight"}, {"belongs_to_collection": false, "budget": 60000000, "genres": ["Action", "Comedy", "Crime", "Drama"], "id": 10589, "release_date": "2004-11-12", "revenue": 61347797, "runtime": 97, "title": "After the Sunset"}, {"belongs_to_collection": false, "budget": 36000000, "genres": ["Drama", "Romance"], "id": 345920, "release_date": "2016-12-06", "revenue": 88528280, "runtime": 97, "title": "Collateral Beauty"}, {"belongs_to_collection": true, "budget": 20000000, "genres": ["Action", "Crime", "Drama", "Thriller"], "id": 1266, "release_date": "2008-04-10", "revenue": 65569869, "runtime": 109, "title": "Street Kings"}, {"belongs_to_collection": false, "budget": 35000000, "genres": ["Drama", "History"], "id": 192136, "release_date": "2013-12-06", "revenue": 27333835, "runtime": 141, "title": "Mandela: Long Walk to Freedom"}, {"belongs_to_collection": false, "budget": 0, "genres": ["Drama", "Horror", "Science Fiction"], "id": 203912, "release_date": "2011-03-17", "revenue": 0, "runtime": 130, "title": "National Theatre Live: Frankenstein"}, {"belongs_to_collection": false, "budget": 2000000, "genres": ["Drama"], "id": 37234, "release_date": "2010-01-08", "revenue": 0, "runtime": 115, "title": "Sex & Drugs & Rock & Roll"}, {"belongs_to_collection": false, "budget": 0, "genres": ["Romance", "Drama"], "id": 47559, "release_date": "2010-09-12", "revenue": 0, "runtime": 103, "title": "The First Grader"}, {"belongs_to_collection": false, "budget": 0, "genres": ["Drama"], "id": 13692, "release_date": "2008-05-16", "revenue": 0, "runtime": 88, "title": "August"}, {"belongs_to_collection": false, "budget": 0, "genres": ["Drama"], "id": 53033, "release_date": "2008-03-31", "revenue": 0, "runtime": 86, "title": "Poppy Shakespeare"}, {"belongs_to_collection": false, "budget": 0, "genres": ["Drama", "Mystery", "Thriller", "Horror"], "id": 20357, "release_date": "2004-09-17", "revenue": 0, "runtime": 94, "title": "Trauma"}, {"belongs_to_collection": false, "budget": 1500000, "genres": ["Drama"], "id": 20161, "release_date": "2008-03-08", "revenue": 0, "runtime": 87, "title": "Explicit Ills"}, {"belongs_to_collection": false, "budget": 0, "genres": ["Drama"], "id": 270183, "release_date": "2002-09-16", "revenue": 0, "runtime": 240, "title": "White Teeth"}, {"belongs_to_collection": false, "budget": 0, "genres": ["Drama"], "id": 38444, "release_date": "2010-03-29", "revenue": 0, "runtime": 160, "title": "Blood and Oil"}]}, "Garcelle Beauvais": {"ids": "31647", "results": [{"belongs_to_collection": true, "budget": 175000000, "genres": ["Action", "Adventure", "Science Fiction", "Drama"], "id": 315635, "release_date": "2017-07-05", "revenue": 880166924, "runtime": 133, "title": "Spider-Man: Homecoming"}, {"belongs_to_collection": false, "budget": 150000000, "genres": ["Action", "Drama", "Thriller"], "id": 117251, "release_date": "2013-06-27", "revenue": 205366737, "runtime": 131, "title": "White House Down"}, {"belongs_to_collection": false, "budget": 31000000, "genres": ["Drama"], "id": 87502, "release_date": "2012-11-02", "revenue": 161772375, "runtime": 138, "title": "Flight"}, {"belongs_to_collection": false, "budget": 0, "genres": ["Thriller", "Romance", "Drama"], "id": 412105, "release_date": "2017-06-19", "revenue": 0, "runtime": 89, "title": "You Get Me"}, {"belongs_to_collection": true, "budget": 20000000, "genres": ["Comedy", "Drama"], "release_date": "2016-04-15", "revenue": 55030051, "runtime": 112, "title": "Barbershop: The Next Cut", "actors/actresses": ["Regina Hall"], "id": 326423}, {"belongs_to_collection": true, "budget": 18000000, "genres": ["Comedy", "Drama"], "release_date": "2004-01-20", "revenue": 65070412, "runtime": 106, "title": "Barbershop 2: Back in Business", "actors/actresses": ["Keke Palmer"], "id": 21301}, {"belongs_to_collection": true, "budget": 3000000, "genres": ["Comedy", "Drama"], "id": 31723, "release_date": "2009-11-13", "revenue": 18097, "runtime": 92, "title": "Women in Trouble"}, {"belongs_to_collection": false, "budget": 24000000, "genres": ["Adventure", "Drama", "Action", "Comedy", "Romance"], "id": 18828, "release_date": "2001-01-12", "revenue": 31600000, "runtime": 88, "title": "Double Take"}, {"belongs_to_collection": false, "budget": 0, "genres": ["Drama", "Comedy"], "id": 249266, "release_date": "2014-04-18", "revenue": 0, "runtime": 95, "title": "Small Time"}, {"belongs_to_collection": false, "budget": 0, "genres": ["Drama"], "id": 15366, "release_date": "2005-01-01", "revenue": 0, "runtime": 95, "title": "American Gun"}, {"belongs_to_collection": false, "budget": 0, "genres": ["TV Movie", "Comedy", "Drama"], "id": 55734, "release_date": "2002-12-18", "revenue": 0, "runtime": 100, "title": "Second String"}, {"belongs_to_collection": true, "budget": 0, "genres": ["Comedy", "Drama", "TV Movie"], "id": 410503, "release_date": "2015-08-29", "revenue": 0, "runtime": 110, "title": "Girlfriends Getaway 2"}, {"belongs_to_collection": false, "budget": 0, "genres": ["Drama"], "id": 325896, "release_date": "2015-02-14", "revenue": 0, "runtime": 0, "title": "Back to School Mom"}, {"belongs_to_collection": false, "budget": 0, "genres": ["Drama"], "id": 361588, "release_date": "2015-06-12", "revenue": 0, "runtime": 93, "title": "A Girl Like Grace"}, {"belongs_to_collection": false, "budget": 0, "genres": ["Drama"], "id": 255496, "release_date": "2013-10-19", "revenue": 0, "runtime": 99, "title": "And Then There Was You"}, {"belongs_to_collection": true, "budget": 1, "genres": ["Drama", "Comedy", "TV Movie"], "id": 290282, "release_date": "2014-09-03", "revenue": 0, "runtime": 105, "title": "Girlfriends' Getaway"}, {"belongs_to_collection": false, "budget": 0, "genres": ["Drama"], "id": 296673, "release_date": "2012-09-01", "revenue": 0, "runtime": 0, "title": "Eyes to See"}]}, "Aisha Tyler": {"ids": "38674", "results": [{"belongs_to_collection": false, "budget": 20000000, "genres": ["Action", "Crime", "Drama", "Thriller"], "id": 11835, "release_date": "2007-08-31", "revenue": 16974459, "runtime": 105, "title": "Death Sentence"}, {"belongs_to_collection": false, "budget": 5000000, "genres": ["Drama", "Crime", "Thriller"], "id": 14062, "release_date": "2006-11-30", "revenue": 0, "runtime": 101, "title": ".45"}, {"belongs_to_collection": false, "budget": 3000000, "genres": ["Action", "Crime", "Drama", "Thriller"], "id": 20304, "release_date": "2004-03-26", "revenue": 5923000, "runtime": 88, "title": "Never Die Alone"}, {"belongs_to_collection": false, "budget": 0, "genres": ["Drama", "Thriller"], "id": 392524, "release_date": "2017-04-07", "revenue": 0, "runtime": 90, "title": "Axis"}, {"belongs_to_collection": false, "budget": 0, "genres": ["TV Movie", "Drama", "Romance"], "id": 212067, "release_date": "2006-02-05", "revenue": 0, "runtime": 90, "title": "For One Night"}, {"belongs_to_collection": false, "budget": 0, "genres": ["Drama", "Crime"], "id": 310706, "release_date": "2009-05-13", "revenue": 0, "runtime": 100, "title": "Black Water Transit"}, {"belongs_to_collection": false, "budget": 0, "genres": ["Drama", "Thriller"], "id": 4635, "release_date": "2007-10-09", "revenue": 0, "runtime": 20, "title": "The Trap"}]}, "Bianca Lawson": {"ids": "36068", "results": [{"belongs_to_collection": true, "budget": 13000000, "genres": ["Drama", "Family", "Romance", "Music"], "id": 9816, "release_date": "2001-01-12", "revenue": 91038276, "runtime": 112, "title": "Save the Last Dance"}, {"belongs_to_collection": false, "budget": 0, "genres": ["TV Movie", "Thriller", "Drama", "Mystery"], "id": 256596, "release_date": "2014-01-01", "revenue": 0, "runtime": 84, "title": "House of Secrets"}, {"belongs_to_collection": false, "budget": 0, "genres": ["Romance", "Drama"], "release_date": "2001-11-11", "revenue": 0, "runtime": 213, "title": "Feast of All Saints", "actors/actresses": ["Ruby Dee", "Pam Grier", "Eartha Kitt"], "id": 74946}, {"belongs_to_collection": false, "budget": 0, "genres": ["Drama"], "id": 60524, "release_date": "2010-02-02", "revenue": 0, "runtime": 90, "title": "Don't Fade Away"}, {"belongs_to_collection": false, "budget": 0, "genres": ["Drama", "Western"], "id": 229128, "release_date": "2004-11-17", "revenue": 0, "runtime": 94, "title": "The Pavilion"}]}, "Lauren London": {"ids": "98772", "results": [{"belongs_to_collection": false, "budget": 20000000, "genres": ["Drama", "Comedy", "Mystery"], "id": 13960, "release_date": "2006-03-31", "revenue": 21170563, "runtime": 105, "title": "ATL"}, {"belongs_to_collection": true, "budget": 25000000, "genres": ["Comedy", "Drama"], "id": 51017, "release_date": "2011-04-22", "revenue": 53213633, "runtime": 106, "title": "Madea's Big Happy Family"}, {"belongs_to_collection": false, "budget": 13000000, "genres": ["Comedy", "Drama", "Romance"], "release_date": "2007-11-27", "revenue": 0, "runtime": 117, "title": "This Christmas", "actors/actresses": ["Regina King", "Sharon Leal"], "id": 15250}]}, "Zo\u00ef\u00bf\u00bd Kravitz": {"ids": "", "results": [{"belongs_to_collection": false, "budget": 0, "genres": ["Animation", "Action", "History", "Adventure", "Fantasy", "Drama"], "id": 635302, "release_date": "2020-10-16", "revenue": 150026845, "runtime": 117, "title": "Demon Slayer: Kimetsu no Yaiba - The Movie: Mugen Train"}, {"belongs_to_collection": false, "budget": 0, "genres": ["Science Fiction", "Thriller", "Drama"], "id": 528085, "release_date": "2020-10-01", "revenue": 0, "runtime": 114, "title": "2067"}, {"belongs_to_collection": false, "budget": 0, "genres": ["Action", "Thriller", "Adventure", "Drama"], "id": 741067, "release_date": "2020-09-29", "revenue": 0, "runtime": 80, "title": "Welcome to Sudden Death"}, {"belongs_to_collection": false, "budget": 21000000, "genres": ["Crime", "Drama", "Mystery"], "id": 497582, "release_date": "2020-09-23", "revenue": 0, "runtime": 123, "title": "Enola Holmes"}, {"belongs_to_collection": false, "budget": 200000000, "genres": ["Action", "Adventure", "Drama", "Fantasy"], "id": 337401, "release_date": "2020-09-04", "revenue": 57000000, "runtime": 115, "title": "Mulan"}, {"belongs_to_collection": false, "budget": 0, "genres": ["Action", "Crime", "Drama", "Thriller"], "id": 539885, "release_date": "2020-07-02", "revenue": 2987741, "runtime": 96, "title": "Ava"}, {"belongs_to_collection": false, "budget": 0, "genres": ["Action", "Adventure", "Drama", "Thriller"], "id": 718444, "release_date": "2020-08-20", "revenue": 139757, "runtime": 106, "title": "Rogue"}, {"belongs_to_collection": true, "budget": 0, "genres": ["Romance", "Drama"], "id": 613504, "release_date": "2020-09-02", "revenue": 0, "runtime": 105, "title": "After We Collided"}, {"belongs_to_collection": false, "budget": 30000000, "genres": ["Action", "Crime", "Drama"], "id": 531499, "release_date": "2020-08-07", "revenue": 942666, "runtime": 95, "title": "The Tax Collector"}, {"belongs_to_collection": false, "budget": 3268650, "genres": ["Drama", "Thriller"], "id": 438396, "release_date": "2020-08-28", "revenue": 0, "runtime": 97, "title": "Unknown Origins"}, {"belongs_to_collection": false, "budget": 0, "genres": ["Science Fiction", "Drama", "Fantasy", "Thriller"], "id": 606234, "release_date": "2020-08-13", "revenue": 0, "runtime": 109, "title": "Archive"}, {"belongs_to_collection": false, "budget": 0, "genres": ["Music", "Drama", "Romance"], "id": 630566, "release_date": "2020-10-09", "revenue": 0, "runtime": 121, "title": "Clouds"}, {"belongs_to_collection": false, "budget": 55000000, "genres": ["Crime", "Thriller", "Drama"], "id": 475557, "release_date": "2019-10-02", "revenue": 1074251311, "runtime": 122, "title": "Joker"}, {"belongs_to_collection": false, "budget": 0, "genres": ["Action", "Crime", "Drama", "Thriller"], "release_date": "2020-07-31", "revenue": 0, "runtime": 123, "title": "Cut Throat City", "actors/actresses": ["Kat Graham"], "id": 493065}, {"belongs_to_collection": true, "budget": 0, "genres": ["Animation", "Action", "Drama", "Science Fiction"], "id": 283566, "release_date": "2021-01-23", "revenue": 0, "runtime": 0, "title": "Evangelion: 3.0+1.0 Thrice Upon a Time"}, {"belongs_to_collection": false, "budget": 110000000, "genres": ["Drama", "Fantasy", "Adventure", "Family"], "id": 283366, "release_date": "2016-09-28", "revenue": 296482446, "runtime": 127, "title": "Miss Peregrine's Home for Peculiar Children"}, {"belongs_to_collection": false, "budget": 0, "genres": ["Comedy", "Family", "Drama"], "id": 425001, "release_date": "2020-08-27", "revenue": 8982106, "runtime": 94, "title": "The War with Grandpa"}, {"belongs_to_collection": false, "budget": 50300000, "genres": ["War", "Action", "Drama"], "id": 516486, "release_date": "2020-07-10", "revenue": 0, "runtime": 91, "title": "Greyhound"}, {"belongs_to_collection": false, "budget": 0, "genres": ["Crime", "Thriller", "Drama"], "id": 703134, "release_date": "2020-06-12", "revenue": 0, "runtime": 100, "title": "Infamous"}, {"belongs_to_collection": false, "budget": 0, "genres": ["Drama", "Horror", "Thriller"], "id": 692969, "release_date": "2020-10-22", "revenue": 0, "runtime": 86, "title": "Cadaver"}]}, "Beyonc\u00ef\u00bf\u00bd": {"ids": "", "results": [{"belongs_to_collection": false, "budget": 0, "genres": ["Animation", "Action", "History", "Adventure", "Fantasy", "Drama"], "release_date": "2020-10-16", "revenue": 150026845, "runtime": 117, "title": "Demon Slayer: Kimetsu no Yaiba - The Movie: Mugen Train", "actors/actresses": ["Zo\u00ef\u00bf\u00bd Kravitz"], "id": 635302}, {"belongs_to_collection": false, "budget": 0, "genres": ["Science Fiction", "Thriller", "Drama"], "release_date": "2020-10-01", "revenue": 0, "runtime": 114, "title": "2067", "actors/actresses": ["Zo\u00ef\u00bf\u00bd Kravitz"], "id": 528085}, {"belongs_to_collection": false, "budget": 0, "genres": ["Action", "Thriller", "Adventure", "Drama"], "release_date": "2020-09-29", "revenue": 0, "runtime": 80, "title": "Welcome to Sudden Death", "actors/actresses": ["Zo\u00ef\u00bf\u00bd Kravitz"], "id": 741067}, {"belongs_to_collection": false, "budget": 21000000, "genres": ["Crime", "Drama", "Mystery"], "release_date": "2020-09-23", "revenue": 0, "runtime": 123, "title": "Enola Holmes", "actors/actresses": ["Zo\u00ef\u00bf\u00bd Kravitz"], "id": 497582}, {"belongs_to_collection": false, "budget": 200000000, "genres": ["Action", "Adventure", "Drama", "Fantasy"], "release_date": "2020-09-04", "revenue": 57000000, "runtime": 115, "title": "Mulan", "actors/actresses": ["Zo\u00ef\u00bf\u00bd Kravitz"], "id": 337401}, {"belongs_to_collection": false, "budget": 0, "genres": ["Action", "Crime", "Drama", "Thriller"], "release_date": "2020-07-02", "revenue": 2987741, "runtime": 96, "title": "Ava", "actors/actresses": ["Zo\u00ef\u00bf\u00bd Kravitz"], "id": 539885}, {"belongs_to_collection": false, "budget": 0, "genres": ["Action", "Adventure", "Drama", "Thriller"], "release_date": "2020-08-20", "revenue": 139757, "runtime": 106, "title": "Rogue", "actors/actresses": ["Zo\u00ef\u00bf\u00bd Kravitz"], "id": 718444}, {"belongs_to_collection": true, "budget": 0, "genres": ["Romance", "Drama"], "release_date": "2020-09-02", "revenue": 0, "runtime": 105, "title": "After We Collided", "actors/actresses": ["Zo\u00ef\u00bf\u00bd Kravitz"], "id": 613504}, {"belongs_to_collection": false, "budget": 30000000, "genres": ["Action", "Crime", "Drama"], "release_date": "2020-08-07", "revenue": 942666, "runtime": 95, "title": "The Tax Collector", "actors/actresses": ["Zo\u00ef\u00bf\u00bd Kravitz"], "id": 531499}, {"belongs_to_collection": false, "budget": 3268650, "genres": ["Drama", "Thriller"], "release_date": "2020-08-28", "revenue": 0, "runtime": 97, "title": "Unknown Origins", "actors/actresses": ["Zo\u00ef\u00bf\u00bd Kravitz"], "id": 438396}, {"belongs_to_collection": false, "budget": 0, "genres": ["Science Fiction", "Drama", "Fantasy", "Thriller"], "release_date": "2020-08-13", "revenue": 0, "runtime": 109, "title": "Archive", "actors/actresses": ["Zo\u00ef\u00bf\u00bd Kravitz"], "id": 606234}, {"belongs_to_collection": false, "budget": 0, "genres": ["Music", "Drama", "Romance"], "release_date": "2020-10-09", "revenue": 0, "runtime": 121, "title": "Clouds", "actors/actresses": ["Zo\u00ef\u00bf\u00bd Kravitz"], "id": 630566}, {"belongs_to_collection": false, "budget": 55000000, "genres": ["Crime", "Thriller", "Drama"], "release_date": "2019-10-02", "revenue": 1074251311, "runtime": 122, "title": "Joker", "actors/actresses": ["Zo\u00ef\u00bf\u00bd Kravitz"], "id": 475557}, {"belongs_to_collection": false, "budget": 0, "genres": ["Action", "Crime", "Drama", "Thriller"], "release_date": "2020-07-31", "revenue": 0, "runtime": 123, "title": "Cut Throat City", "actors/actresses": ["Kat Graham", "Zo\u00ef\u00bf\u00bd Kravitz"], "id": 493065}, {"belongs_to_collection": true, "budget": 0, "genres": ["Animation", "Action", "Drama", "Science Fiction"], "release_date": "2021-01-23", "revenue": 0, "runtime": 0, "title": "Evangelion: 3.0+1.0 Thrice Upon a Time", "actors/actresses": ["Zo\u00ef\u00bf\u00bd Kravitz"], "id": 283566}, {"belongs_to_collection": false, "budget": 110000000, "genres": ["Drama", "Fantasy", "Adventure", "Family"], "release_date": "2016-09-28", "revenue": 296482446, "runtime": 127, "title": "Miss Peregrine's Home for Peculiar Children", "actors/actresses": ["Zo\u00ef\u00bf\u00bd Kravitz"], "id": 283366}, {"belongs_to_collection": false, "budget": 0, "genres": ["Comedy", "Family", "Drama"], "release_date": "2020-08-27", "revenue": 8982106, "runtime": 94, "title": "The War with Grandpa", "actors/actresses": ["Zo\u00ef\u00bf\u00bd Kravitz"], "id": 425001}, {"belongs_to_collection": false, "budget": 50300000, "genres": ["War", "Action", "Drama"], "release_date": "2020-07-10", "revenue": 0, "runtime": 91, "title": "Greyhound", "actors/actresses": ["Zo\u00ef\u00bf\u00bd Kravitz"], "id": 516486}, {"belongs_to_collection": false, "budget": 0, "genres": ["Crime", "Thriller", "Drama"], "release_date": "2020-06-12", "revenue": 0, "runtime": 100, "title": "Infamous", "actors/actresses": ["Zo\u00ef\u00bf\u00bd Kravitz"], "id": 703134}, {"belongs_to_collection": false, "budget": 0, "genres": ["Drama", "Horror", "Thriller"], "release_date": "2020-10-22", "revenue": 0, "runtime": 86, "title": "Cadaver", "actors/actresses": ["Zo\u00ef\u00bf\u00bd Kravitz"], "id": 692969}]}, "Vivica A. Fox": {"ids": "2535", "results": [{"belongs_to_collection": false, "budget": 0, "genres": ["Thriller", "Drama"], "id": 692233, "release_date": "2020-11-06", "revenue": 0, "runtime": 93, "title": "True to the Game 2: Gena's Story"}, {"belongs_to_collection": false, "budget": 0, "genres": ["Crime", "Drama", "Thriller"], "id": 560204, "release_date": "2020-05-05", "revenue": 0, "runtime": 115, "title": "Arkansas"}, {"belongs_to_collection": false, "budget": 14000000, "genres": ["Drama", "War"], "id": 2604, "release_date": "1989-03-02", "revenue": 161001698, "runtime": 145, "title": "Born on the Fourth of July"}, {"belongs_to_collection": false, "budget": 9000000, "genres": ["Crime", "Drama", "Thriller"], "release_date": "1996-11-06", "revenue": 41590886, "runtime": 123, "title": "Set It Off", "actors/actresses": ["Jada Pinkett Smith"], "id": 9400}, {"belongs_to_collection": false, "budget": 30000000, "genres": ["Comedy", "War", "Adventure", "Drama"], "id": 15616, "release_date": "2008-11-07", "revenue": 103971, "runtime": 98, "title": "Private Valentine: Blonde & Dangerous"}, {"belongs_to_collection": false, "budget": 0, "genres": ["Drama", "Comedy"], "id": 673159, "release_date": "2020-03-20", "revenue": 0, "runtime": 105, "title": "Hooking Up"}, {"belongs_to_collection": true, "budget": 0, "genres": ["Animation", "Drama", "Family"], "release_date": "2008-09-12", "revenue": 0, "runtime": 80, "title": "Unstable Fables: Tortoise vs. Hare", "actors/actresses": ["Keke Palmer"], "id": 13017}, {"belongs_to_collection": false, "budget": 24000000, "genres": ["Adventure", "Drama", "Action", "Comedy", "Romance"], "release_date": "2001-01-12", "revenue": 31600000, "runtime": 88, "title": "Double Take", "actors/actresses": ["Garcelle Beauvais"], "id": 18828}, {"belongs_to_collection": false, "budget": 0, "genres": ["Drama", "History", "War", "TV Movie"], "id": 31894, "release_date": "1995-08-25", "revenue": 0, "runtime": 106, "title": "The Tuskegee Airmen"}, {"belongs_to_collection": false, "budget": 1200000, "genres": ["Drama"], "id": 176124, "release_date": "2013-04-19", "revenue": 2861020, "runtime": 114, "title": "Home Run"}, {"belongs_to_collection": false, "budget": 0, "genres": ["Action", "Drama"], "id": 649392, "release_date": "2020-08-20", "revenue": 0, "runtime": 91, "title": "Rev"}, {"belongs_to_collection": false, "budget": 0, "genres": ["Drama", "Family"], "id": 50573, "release_date": "2001-10-17", "revenue": 0, "runtime": 96, "title": "Little Secrets"}, {"belongs_to_collection": true, "budget": 0, "genres": ["Drama"], "id": 338107, "release_date": "2015-05-22", "revenue": 0, "runtime": 91, "title": "Chocolate City"}, {"belongs_to_collection": false, "budget": 0, "genres": ["Drama", "Comedy", "TV Movie", "Romance"], "id": 427261, "release_date": "2016-12-11", "revenue": 0, "runtime": 85, "title": "A Husband for Christmas"}, {"belongs_to_collection": false, "budget": 0, "genres": ["Comedy", "Drama"], "id": 29461, "release_date": "1997-09-26", "revenue": 0, "runtime": 114, "title": "Soul Food"}, {"belongs_to_collection": false, "budget": 0, "genres": ["Drama", "Mystery", "Thriller", "TV Movie"], "id": 376296, "release_date": "2016-01-04", "revenue": 0, "runtime": 84, "title": "The Wrong Roommate"}, {"belongs_to_collection": false, "budget": 0, "genres": ["Comedy", "Drama"], "release_date": "2001-04-11", "revenue": 0, "runtime": 94, "title": "Kingdom Come", "actors/actresses": ["Jada Pinkett Smith"], "id": 38803}, {"belongs_to_collection": false, "budget": 0, "genres": ["Romance", "Comedy", "Family", "Drama", "TV Movie"], "id": 279582, "release_date": "2014-06-07", "revenue": 0, "runtime": 84, "title": "Looking for Mr. Right"}, {"belongs_to_collection": false, "budget": 0, "genres": ["Drama", "Romance"], "id": 46702, "release_date": "1998-08-28", "revenue": 12413650, "runtime": 116, "title": "Why Do Fools Fall In Love"}, {"belongs_to_collection": false, "budget": 0, "genres": ["Drama", "TV Movie"], "id": 614154, "release_date": "2019-07-05", "revenue": 0, "runtime": 86, "title": "The Wrong Stepmother"}]}, "Paula Patton": {"ids": "52851", "results": [{"belongs_to_collection": true, "budget": 35000000, "genres": ["Horror", "Mystery", "Thriller", "Drama"], "id": 13515, "release_date": "2008-08-15", "revenue": 72436439, "runtime": 110, "title": "Mirrors"}, {"belongs_to_collection": false, "budget": 70000000, "genres": ["Comedy", "Drama", "Romance"], "id": 8488, "release_date": "2005-02-11", "revenue": 368100420, "runtime": 118, "title": "Hitch"}, {"belongs_to_collection": false, "budget": 0, "genres": ["Comedy", "Drama", "Romance"], "release_date": "2010-05-14", "revenue": 21520719, "runtime": 100, "title": "Just Wright", "actors/actresses": ["Pam Grier"], "id": 38093}, {"belongs_to_collection": false, "budget": 0, "genres": ["Drama", "Action", "Romance"], "id": 7515, "release_date": "2005-09-03", "revenue": 0, "runtime": 92, "title": "London"}, {"belongs_to_collection": false, "budget": 21000000, "genres": ["Drama", "Comedy"], "id": 10187, "release_date": "2008-08-01", "revenue": 17600000, "runtime": 120, "title": "Swing Vote"}, {"belongs_to_collection": false, "budget": 10000000, "genres": ["Drama"], "id": 25793, "release_date": "2009-11-06", "revenue": 47536959, "runtime": 110, "title": "Precious"}, {"belongs_to_collection": false, "budget": 10000000, "genres": ["Drama", "Thriller"], "id": 127517, "release_date": "2012-09-11", "revenue": 3428048, "runtime": 115, "title": "Disconnect"}, {"belongs_to_collection": false, "budget": 0, "genres": ["Crime", "Drama", "Music"], "release_date": "2006-08-25", "revenue": 0, "runtime": 121, "title": "Idlewild", "actors/actresses": ["Cicely Tyson"], "id": 13816}]}, "Stacey Dash": {"ids": "58150", "results": [{"belongs_to_collection": false, "budget": 24000000, "genres": ["Comedy", "Drama", "Romance"], "id": 15019, "release_date": "2007-05-11", "revenue": 9576495, "runtime": 97, "title": "I Could Never Be Your Woman"}, {"belongs_to_collection": true, "budget": 0, "genres": ["Thriller", "Drama"], "id": 419639, "release_date": "2016-10-12", "revenue": 0, "runtime": 90, "title": "The Thinning"}, {"belongs_to_collection": false, "budget": 0, "genres": ["Drama"], "id": 304336, "release_date": "2014-12-05", "revenue": 0, "runtime": 100, "title": "Lap Dance"}, {"belongs_to_collection": false, "budget": 0, "genres": ["Drama", "Mystery", "Thriller", "Horror"], "id": 662821, "release_date": "2020-01-10", "revenue": 0, "runtime": 90, "title": "The Dawn"}, {"belongs_to_collection": false, "budget": 0, "genres": ["Drama"], "id": 18571, "release_date": "2009-01-01", "revenue": 0, "runtime": 105, "title": "Phantom Punch"}, {"belongs_to_collection": false, "budget": 0, "genres": ["Action", "Drama", "Thriller"], "id": 121138, "release_date": "1995-08-28", "revenue": 0, "runtime": 91, "title": "Illegal in Blue"}, {"belongs_to_collection": false, "budget": 0, "genres": ["Crime", "Thriller", "Drama"], "id": 119213, "release_date": "1997-11-07", "revenue": 0, "runtime": 96, "title": "Cold Around the Heart"}, {"belongs_to_collection": false, "budget": 0, "genres": ["Action", "Crime", "Drama", "Thriller"], "id": 100269, "release_date": "1987-05-22", "revenue": 197791, "runtime": 89, "title": "Enemy Territory"}, {"belongs_to_collection": false, "budget": 0, "genres": ["Drama", "Romance"], "id": 667953, "release_date": "2020-02-14", "revenue": 0, "runtime": 0, "title": "First Lady"}, {"belongs_to_collection": true, "budget": 0, "genres": ["Western", "Action", "Drama"], "id": 66667, "release_date": "2003-10-10", "revenue": 0, "runtime": 94, "title": "Gang of Roses"}, {"belongs_to_collection": false, "budget": 0, "genres": ["Crime", "Drama"], "id": 244048, "release_date": "1991-10-12", "revenue": 0, "runtime": 105, "title": "Tennessee Nights"}, {"belongs_to_collection": false, "budget": 0, "genres": ["Romance", "Drama"], "id": 296854, "release_date": "2001-10-27", "revenue": 0, "runtime": 95, "title": "The Painting"}, {"belongs_to_collection": false, "budget": 0, "genres": ["Drama", "History"], "id": 565470, "release_date": "", "revenue": 0, "runtime": 0, "title": "Roe v. Wade"}, {"belongs_to_collection": false, "budget": 0, "genres": ["Drama", "Family"], "id": 321597, "release_date": "2008-01-01", "revenue": 0, "runtime": 96, "title": "American Primitive"}]}, "Gabrielle Union": {"ids": "17773", "results": [{"belongs_to_collection": false, "budget": 25000000, "genres": ["Action", "Crime", "Drama"], "id": 10623, "release_date": "2003-02-28", "revenue": 56489558, "runtime": 101, "title": "Cradle 2 the Grave"}, {"belongs_to_collection": false, "budget": 16000000, "genres": ["Comedy", "Romance", "Drama"], "id": 4951, "release_date": "1999-03-30", "revenue": 53478166, "runtime": 97, "title": "10 Things I Hate About You"}, {"belongs_to_collection": false, "budget": 17000000, "genres": ["Comedy", "Drama"], "id": 340402, "release_date": "2016-11-11", "revenue": 42487325, "runtime": 111, "title": "Almost Christmas"}, {"belongs_to_collection": false, "budget": 0, "genres": ["TV Movie", "Drama"], "id": 20544, "release_date": "2004-05-30", "revenue": 0, "runtime": 110, "title": "Something the Lord Made"}, {"belongs_to_collection": false, "budget": 12000000, "genres": ["Drama", "History", "Music"], "id": 14299, "release_date": "2008-12-05", "revenue": 8880045, "runtime": 109, "title": "Cadillac Records"}, {"belongs_to_collection": false, "budget": 0, "genres": ["Comedy", "Drama", "Romance"], "release_date": "2012-02-23", "revenue": 0, "runtime": 111, "title": "Good Deeds", "actors/actresses": ["Thandie Newton"], "id": 62008}, {"belongs_to_collection": false, "budget": 8500000, "genres": ["Drama"], "id": 339408, "release_date": "2016-09-09", "revenue": 15861566, "runtime": 120, "title": "The Birth of a Nation"}, {"belongs_to_collection": false, "budget": 20000000, "genres": ["Action", "Comedy", "Drama", "Romance"], "release_date": "2000-04-21", "revenue": 27728118, "runtime": 124, "title": "Love & Basketball", "actors/actresses": ["Regina Hall", "Tyra Banks", "Sanaa Lathan"], "id": 14736}, {"belongs_to_collection": false, "budget": 0, "genres": ["Drama", "Comedy"], "release_date": "2014-12-12", "revenue": 25434291, "runtime": 102, "title": "Top Five", "actors/actresses": ["Taraji P. Henson"], "id": 284296}, {"belongs_to_collection": false, "budget": 10000000, "genres": ["Comedy", "Drama", "Romance"], "id": 16555, "release_date": "2007-02-14", "revenue": 31609243, "runtime": 100, "title": "Daddy's Little Girls"}, {"belongs_to_collection": false, "budget": 25000000, "genres": ["Drama", "Mystery", "Thriller"], "id": 15992, "release_date": "2002-10-14", "revenue": 10719357, "runtime": 99, "title": "Abandon"}, {"belongs_to_collection": false, "budget": 0, "genres": ["Drama"], "id": 331986, "release_date": "2019-04-05", "revenue": 0, "runtime": 122, "title": "The Public"}, {"belongs_to_collection": false, "budget": 12000000, "genres": ["Drama", "Comedy"], "id": 7510, "release_date": "2006-10-27", "revenue": 6754898, "runtime": 116, "title": "Running with Scissors"}, {"belongs_to_collection": false, "budget": 0, "genres": ["Comedy", "Drama", "Romance"], "id": 20322, "release_date": "2001-03-23", "revenue": 0, "runtime": 106, "title": "The Brothers"}, {"belongs_to_collection": false, "budget": 0, "genres": ["Comedy", "Romance", "Drama"], "release_date": "2015-01-24", "revenue": 0, "runtime": 105, "title": "With This Ring", "actors/actresses": ["Regina Hall"], "id": 321160}, {"belongs_to_collection": false, "budget": 650000, "genres": ["Drama", "Comedy"], "id": 123879, "release_date": "2005-07-10", "revenue": 0, "runtime": 91, "title": "Say Uncle"}, {"belongs_to_collection": false, "budget": 0, "genres": ["Comedy", "Drama", "Romance", "Family"], "id": 26990, "release_date": "2007-12-12", "revenue": 5800000, "runtime": 96, "title": "The Perfect Holiday"}, {"belongs_to_collection": false, "budget": 0, "genres": ["Drama"], "id": 96246, "release_date": "2012-12-07", "revenue": 0, "runtime": 103, "title": "In Our Nature"}, {"belongs_to_collection": false, "budget": 7200000, "genres": ["Drama", "Romance"], "id": 46268, "release_date": "2007-02-01", "revenue": 23006533, "runtime": 96, "title": "Constellation"}, {"belongs_to_collection": false, "budget": 0, "genres": ["Drama", "Romance"], "id": 91795, "release_date": "2005-01-01", "revenue": 0, "runtime": 97, "title": "Neo Ned"}]}, "Nia Long": {"ids": "9781", "results": [{"belongs_to_collection": false, "budget": 0, "genres": ["Drama"], "id": 627725, "release_date": "2020-03-06", "revenue": 0, "runtime": 120, "title": "The Banker"}, {"belongs_to_collection": false, "budget": 6500000, "genres": ["Drama"], "release_date": "1991-07-12", "revenue": 57504069, "runtime": 112, "title": "Boyz n the Hood", "actors/actresses": ["Regina King"], "id": 650}, {"belongs_to_collection": false, "budget": 60000000, "genres": ["Comedy", "Drama", "Romance"], "id": 8849, "release_date": "2004-10-22", "revenue": 35060882, "runtime": 103, "title": "Alfie"}, {"belongs_to_collection": false, "budget": 20000000, "genres": ["Thriller", "Drama", "Mystery"], "id": 9963, "release_date": "2007-02-08", "revenue": 84146832, "runtime": 96, "title": "Premonition"}, {"belongs_to_collection": false, "budget": 7000000, "genres": ["Crime", "Drama", "Thriller"], "id": 14181, "release_date": "2000-02-18", "revenue": 28780255, "runtime": 118, "title": "Boiler Room"}, {"belongs_to_collection": false, "budget": 0, "genres": ["Drama", "Comedy"], "id": 239562, "release_date": "2014-03-14", "revenue": 16337881, "runtime": 111, "title": "The Single Moms Club"}, {"belongs_to_collection": true, "budget": 9000000, "genres": ["Drama", "Comedy"], "release_date": "1999-10-22", "revenue": 34573780, "runtime": 120, "title": "The Best Man", "actors/actresses": ["Regina Hall", "Sanaa Lathan"], "id": 16162}, {"belongs_to_collection": false, "budget": 0, "genres": ["Drama"], "id": 426257, "release_date": "2017-01-22", "revenue": 0, "runtime": 98, "title": "Roxanne, Roxanne"}, {"belongs_to_collection": true, "budget": 0, "genres": ["Romance", "Drama"], "release_date": "2000-03-05", "revenue": 0, "runtime": 96, "title": "If These Walls Could Talk 2", "actors/actresses": ["Regina King"], "id": 28031}, {"belongs_to_collection": false, "budget": 1000000, "genres": ["Comedy", "Drama", "Romance"], "id": 22597, "release_date": "2000-02-01", "revenue": 1744858, "runtime": 96, "title": "The Broken Hearts Club: A Romantic Comedy"}, {"belongs_to_collection": false, "budget": 7000000, "genres": ["Drama", "Action", "Thriller", "Crime"], "release_date": "1999-08-25", "revenue": 14011454, "runtime": 95, "title": "In Too Deep", "actors/actresses": ["Pam Grier"], "id": 22314}, {"belongs_to_collection": false, "budget": 10000000, "genres": ["Comedy", "Drama", "Romance"], "id": 27322, "release_date": "1997-03-14", "revenue": 0, "runtime": 104, "title": "Love Jones"}, {"belongs_to_collection": false, "budget": 0, "genres": ["Comedy", "Drama"], "release_date": "1997-09-26", "revenue": 0, "runtime": 114, "title": "Soul Food", "actors/actresses": ["Vivica A. Fox"], "id": 29461}, {"belongs_to_collection": false, "budget": 0, "genres": ["Drama", "Comedy"], "id": 428585, "release_date": "2017-01-22", "revenue": 29258, "runtime": 83, "title": "Lemon"}, {"belongs_to_collection": false, "budget": 0, "genres": ["Drama", "TV Movie", "TV Movie"], "id": 430642, "release_date": "2017-01-21", "revenue": 0, "runtime": 90, "title": "Beaches"}, {"belongs_to_collection": false, "budget": 0, "genres": ["Drama"], "id": 28219, "release_date": "2004-05-28", "revenue": 365248, "runtime": 108, "title": "Baadasssss!"}, {"belongs_to_collection": false, "budget": 0, "genres": ["Drama"], "id": 66025, "release_date": "2011-02-11", "revenue": 330048, "runtime": 95, "title": "Mooz-lum"}, {"belongs_to_collection": false, "budget": 0, "genres": ["Drama", "Mystery", "Thriller"], "id": 20933, "release_date": "2008-02-09", "revenue": 0, "runtime": 99, "title": "Gospel Hill"}, {"belongs_to_collection": false, "budget": 0, "genres": ["Comedy", "Drama", "Romance"], "id": 188706, "release_date": "1999-11-26", "revenue": 0, "runtime": 99, "title": "The Secret Laughter of Women"}, {"belongs_to_collection": false, "budget": 0, "genres": ["Drama", "Romance"], "id": 447362, "release_date": "2018-05-01", "revenue": 0, "runtime": 0, "title": "Life in a Year"}]}, "Lena Horne": {"ids": "92900", "results": [{"belongs_to_collection": false, "budget": 0, "genres": ["Comedy", "Drama", "Romance", "Music"], "id": 43518, "release_date": "1943-01-01", "revenue": 0, "runtime": 125, "title": "Thousands Cheer"}, {"belongs_to_collection": false, "budget": 0, "genres": ["Drama", "Music"], "id": 43458, "release_date": "1948-12-31", "revenue": 0, "runtime": 120, "title": "Words and Music"}]}, "Vanessa Lynn Williams": {"ids": "27011", "results": [{"belongs_to_collection": false, "budget": 35000000, "genres": ["Comedy", "Drama", "Family", "Music", "Romance"], "release_date": "2009-04-10", "revenue": 155545279, "runtime": 102, "title": "Hannah Montana: The Movie", "actors/actresses": ["Tyra Banks"], "id": 18126}, {"belongs_to_collection": false, "budget": 100000000, "genres": ["Action", "Drama", "Mystery", "Thriller"], "id": 9268, "release_date": "1996-06-21", "revenue": 242295562, "runtime": 115, "title": "Eraser"}, {"belongs_to_collection": false, "budget": 0, "genres": ["Drama", "Music", "Romance"], "id": 17915, "release_date": "1998-08-21", "revenue": 15, "runtime": 126, "title": "Dance with Me"}, {"belongs_to_collection": false, "budget": 0, "genres": ["Drama"], "release_date": "2013-03-29", "revenue": 0, "runtime": 111, "title": "Temptation: Confessions of a Marriage Counselor", "actors/actresses": ["Brandy Norwood"], "id": 97006}, {"belongs_to_collection": true, "budget": 0, "genres": ["Drama", "Science Fiction"], "id": 415312, "release_date": "2017-06-10", "revenue": 0, "runtime": 98, "title": "The Man from Earth: Holocene"}, {"belongs_to_collection": false, "budget": 30000000, "genres": ["Crime", "Drama"], "release_date": "1997-08-27", "revenue": 0, "runtime": 130, "title": "Hoodlum", "actors/actresses": ["Cicely Tyson"], "id": 22073}, {"belongs_to_collection": false, "budget": 15000000, "genres": ["Romance", "Comedy", "Crime", "Drama"], "id": 17258, "release_date": "1987-09-18", "revenue": 13290368, "runtime": 81, "title": "The Pick-up Artist"}, {"belongs_to_collection": false, "budget": 0, "genres": ["Comedy", "Drama"], "release_date": "1997-09-26", "revenue": 0, "runtime": 114, "title": "Soul Food", "actors/actresses": ["Vivica A. Fox", "Nia Long"], "id": 29461}, {"belongs_to_collection": false, "budget": 0, "genres": ["Drama"], "id": 574950, "release_date": "2019-10-18", "revenue": 0, "runtime": 102, "title": "Miss Virginia"}, {"belongs_to_collection": false, "budget": 0, "genres": ["Drama", "Thriller"], "id": 19052, "release_date": "1999-11-04", "revenue": 0, "runtime": 99, "title": "Light It Up"}, {"belongs_to_collection": false, "budget": 0, "genres": ["Thriller", "Drama"], "id": 411300, "release_date": "2016-07-10", "revenue": 0, "runtime": 60, "title": "The Secret She Kept"}, {"belongs_to_collection": false, "budget": 0, "genres": ["Drama", "Mystery", "Crime", "TV Movie"], "id": 94105, "release_date": "1990-05-20", "revenue": 0, "runtime": 90, "title": "Perry Mason: The Case of the Silenced Singer"}, {"belongs_to_collection": false, "budget": 0, "genres": ["Drama", "TV Movie"], "release_date": "2014-03-08", "revenue": 0, "runtime": 89, "title": "The Trip to Bountiful", "actors/actresses": ["Cicely Tyson", "Keke Palmer"], "id": 258673}, {"belongs_to_collection": false, "budget": 0, "genres": ["Drama", "History", "Romance"], "release_date": "2000-01-24", "revenue": 0, "runtime": 87, "title": "The Courage to Love", "actors/actresses": ["Diahann Carroll"], "id": 69936}, {"belongs_to_collection": false, "budget": 0, "genres": ["Drama", "Music"], "id": 36852, "release_date": "1995-12-03", "revenue": 0, "runtime": 131, "title": "Bye Bye Birdie"}, {"belongs_to_collection": false, "budget": 0, "genres": ["Comedy", "Drama"], "id": 257829, "release_date": "2011-02-22", "revenue": 0, "runtime": 105, "title": "A Mother's Love"}, {"belongs_to_collection": false, "budget": 0, "genres": ["Comedy", "Drama"], "id": 523590, "release_date": "2020-03-27", "revenue": 0, "runtime": 98, "title": "Singleholic"}, {"belongs_to_collection": false, "budget": 0, "genres": ["Drama", "Romance", "Thriller"], "id": 199317, "release_date": "1995-11-04", "revenue": 0, "runtime": 155, "title": "Nothing Lasts Forever"}, {"belongs_to_collection": false, "budget": 0, "genres": ["Drama", "Music", "TV Movie"], "id": 362995, "release_date": "1992-04-19", "revenue": 0, "runtime": 95, "title": "Stompin' at the Savoy"}, {"belongs_to_collection": false, "budget": 0, "genres": ["Drama", "Action"], "id": 61167, "release_date": "2006-01-01", "revenue": 0, "runtime": 100, "title": "My Brother"}]}, "Vanessa Williams": {"ids": "27011", "results": [{"belongs_to_collection": false, "budget": 35000000, "genres": ["Comedy", "Drama", "Family", "Music", "Romance"], "release_date": "2009-04-10", "revenue": 155545279, "runtime": 102, "title": "Hannah Montana: The Movie", "actors/actresses": ["Tyra Banks", "Vanessa Lynn Williams"], "id": 18126}, {"belongs_to_collection": false, "budget": 100000000, "genres": ["Action", "Drama", "Mystery", "Thriller"], "release_date": "1996-06-21", "revenue": 242295562, "runtime": 115, "title": "Eraser", "actors/actresses": ["Vanessa Lynn Williams"], "id": 9268}, {"belongs_to_collection": false, "budget": 0, "genres": ["Drama", "Music", "Romance"], "release_date": "1998-08-21", "revenue": 15, "runtime": 126, "title": "Dance with Me", "actors/actresses": ["Vanessa Lynn Williams"], "id": 17915}, {"belongs_to_collection": false, "budget": 0, "genres": ["Drama"], "release_date": "2013-03-29", "revenue": 0, "runtime": 111, "title": "Temptation: Confessions of a Marriage Counselor", "actors/actresses": ["Brandy Norwood", "Vanessa Lynn Williams"], "id": 97006}, {"belongs_to_collection": true, "budget": 0, "genres": ["Drama", "Science Fiction"], "release_date": "2017-06-10", "revenue": 0, "runtime": 98, "title": "The Man from Earth: Holocene", "actors/actresses": ["Vanessa Lynn Williams"], "id": 415312}, {"belongs_to_collection": false, "budget": 30000000, "genres": ["Crime", "Drama"], "release_date": "1997-08-27", "revenue": 0, "runtime": 130, "title": "Hoodlum", "actors/actresses": ["Cicely Tyson", "Vanessa Lynn Williams"], "id": 22073}, {"belongs_to_collection": false, "budget": 15000000, "genres": ["Romance", "Comedy", "Crime", "Drama"], "release_date": "1987-09-18", "revenue": 13290368, "runtime": 81, "title": "The Pick-up Artist", "actors/actresses": ["Vanessa Lynn Williams"], "id": 17258}, {"belongs_to_collection": false, "budget": 0, "genres": ["Comedy", "Drama"], "release_date": "1997-09-26", "revenue": 0, "runtime": 114, "title": "Soul Food", "actors/actresses": ["Vivica A. Fox", "Nia Long", "Vanessa Lynn Williams"], "id": 29461}, {"belongs_to_collection": false, "budget": 0, "genres": ["Drama"], "release_date": "2019-10-18", "revenue": 0, "runtime": 102, "title": "Miss Virginia", "actors/actresses": ["Vanessa Lynn Williams"], "id": 574950}, {"belongs_to_collection": false, "budget": 0, "genres": ["Drama", "Thriller"], "release_date": "1999-11-04", "revenue": 0, "runtime": 99, "title": "Light It Up", "actors/actresses": ["Vanessa Lynn Williams"], "id": 19052}, {"belongs_to_collection": false, "budget": 0, "genres": ["Thriller", "Drama"], "release_date": "2016-07-10", "revenue": 0, "runtime": 60, "title": "The Secret She Kept", "actors/actresses": ["Vanessa Lynn Williams"], "id": 411300}, {"belongs_to_collection": false, "budget": 0, "genres": ["Drama", "Mystery", "Crime", "TV Movie"], "release_date": "1990-05-20", "revenue": 0, "runtime": 90, "title": "Perry Mason: The Case of the Silenced Singer", "actors/actresses": ["Vanessa Lynn Williams"], "id": 94105}, {"belongs_to_collection": false, "budget": 0, "genres": ["Drama", "TV Movie"], "release_date": "2014-03-08", "revenue": 0, "runtime": 89, "title": "The Trip to Bountiful", "actors/actresses": ["Cicely Tyson", "Keke Palmer", "Vanessa Lynn Williams"], "id": 258673}, {"belongs_to_collection": false, "budget": 0, "genres": ["Drama", "History", "Romance"], "release_date": "2000-01-24", "revenue": 0, "runtime": 87, "title": "The Courage to Love", "actors/actresses": ["Diahann Carroll", "Vanessa Lynn Williams"], "id": 69936}, {"belongs_to_collection": false, "budget": 0, "genres": ["Drama", "Music"], "release_date": "1995-12-03", "revenue": 0, "runtime": 131, "title": "Bye Bye Birdie", "actors/actresses": ["Vanessa Lynn Williams"], "id": 36852}, {"belongs_to_collection": false, "budget": 0, "genres": ["Comedy", "Drama"], "release_date": "2011-02-22", "revenue": 0, "runtime": 105, "title": "A Mother's Love", "actors/actresses": ["Vanessa Lynn Williams"], "id": 257829}, {"belongs_to_collection": false, "budget": 0, "genres": ["Comedy", "Drama"], "release_date": "2020-03-27", "revenue": 0, "runtime": 98, "title": "Singleholic", "actors/actresses": ["Vanessa Lynn Williams"], "id": 523590}, {"belongs_to_collection": false, "budget": 0, "genres": ["Drama", "Romance", "Thriller"], "release_date": "1995-11-04", "revenue": 0, "runtime": 155, "title": "Nothing Lasts Forever", "actors/actresses": ["Vanessa Lynn Williams"], "id": 199317}, {"belongs_to_collection": false, "budget": 0, "genres": ["Drama", "Music", "TV Movie"], "release_date": "1992-04-19", "revenue": 0, "runtime": 95, "title": "Stompin' at the Savoy", "actors/actresses": ["Vanessa Lynn Williams"], "id": 362995}, {"belongs_to_collection": false, "budget": 0, "genres": ["Drama", "Action"], "release_date": "2006-01-01", "revenue": 0, "runtime": 100, "title": "My Brother", "actors/actresses": ["Vanessa Lynn Williams"], "id": 61167}]}, "Dorothy Dandridge": {"ids": "20155", "results": [{"belongs_to_collection": false, "budget": 750000, "genres": ["Drama", "Romance"], "release_date": "1954-10-28", "revenue": 0, "runtime": 105, "title": "Carmen Jones", "actors/actresses": ["Diahann Carroll"], "id": 51044}, {"belongs_to_collection": false, "budget": 0, "genres": ["Drama", "Romance", "War"], "id": 42401, "release_date": "1944-06-30", "revenue": 0, "runtime": 177, "title": "Since You Went Away"}, {"belongs_to_collection": false, "budget": 7000000, "genres": ["Music", "Drama", "Romance"], "release_date": "1959-06-24", "revenue": 0, "runtime": 138, "title": "Porgy and Bess", "actors/actresses": ["Diahann Carroll"], "id": 1940}, {"belongs_to_collection": false, "budget": 0, "genres": ["Drama"], "id": 65506, "release_date": "1941-04-22", "revenue": 0, "runtime": 82, "title": "Lady from Louisiana"}, {"belongs_to_collection": false, "budget": 0, "genres": ["Drama", "War"], "id": 94241, "release_date": "1941-10-31", "revenue": 0, "runtime": 90, "title": "Sundown"}, {"belongs_to_collection": false, "budget": 0, "genres": ["Drama", "Music"], "id": 89547, "release_date": "1953-04-17", "revenue": 0, "runtime": 68, "title": "Bright Road"}, {"belongs_to_collection": false, "budget": 0, "genres": ["Comedy", "Crime", "Drama"], "id": 119094, "release_date": "1942-11-16", "revenue": 0, "runtime": 84, "title": "Lucky Jordan"}, {"belongs_to_collection": false, "budget": 0, "genres": ["Adventure", "Crime", "Drama"], "id": 113144, "release_date": "1958-10-10", "revenue": 0, "runtime": 84, "title": "The Decks Ran Red"}, {"belongs_to_collection": false, "budget": 0, "genres": ["Drama"], "id": 111926, "release_date": "1951-05-30", "revenue": 0, "runtime": 78, "title": "The Harlem Globetrotters"}, {"belongs_to_collection": false, "budget": 3000000, "genres": ["Drama", "Romance"], "id": 37373, "release_date": "1957-06-12", "revenue": 5000000, "runtime": 119, "title": "Island in the Sun"}, {"belongs_to_collection": false, "budget": 0, "genres": ["Drama", "History"], "id": 121358, "release_date": "1958-01-24", "revenue": 0, "runtime": 104, "title": "Tamango"}, {"belongs_to_collection": false, "budget": 0, "genres": ["Mystery", "Crime", "Drama"], "id": 152836, "release_date": "1942-07-01", "revenue": 0, "runtime": 75, "title": "Night in New Orleans"}, {"belongs_to_collection": false, "budget": 0, "genres": ["Romance", "Drama"], "id": 96858, "release_date": "1941-12-10", "revenue": 0, "runtime": 82, "title": "Bahama Passage"}, {"belongs_to_collection": false, "budget": 0, "genres": ["Drama", "Romance"], "id": 137589, "release_date": "1942-07-17", "revenue": 0, "runtime": 61, "title": "Drums of the Congo"}]}, "Meagan Good": {"ids": "22122", "results": [{"belongs_to_collection": true, "budget": 13000000, "genres": ["Drama", "Music"], "id": 1931, "release_date": "2007-05-16", "revenue": 75511123, "runtime": 114, "title": "Stomp the Yard"}, {"belongs_to_collection": false, "budget": 3000000, "genres": ["Romance", "Comedy", "Drama"], "id": 138697, "release_date": "2013-07-26", "revenue": 0, "runtime": 90, "title": "Don Jon"}, {"belongs_to_collection": true, "budget": 0, "genres": ["Drama", "Music"], "id": 14114, "release_date": "2004-01-30", "revenue": 0, "runtime": 95, "title": "You Got Served"}, {"belongs_to_collection": false, "budget": 475000, "genres": ["Drama", "Mystery"], "id": 9270, "release_date": "2006-03-31", "revenue": 3919254, "runtime": 110, "title": "Brick"}, {"belongs_to_collection": false, "budget": 24000000, "genres": ["Action", "Drama"], "id": 12253, "release_date": "2003-01-31", "revenue": 23510601, "runtime": 110, "title": "Biker Boyz"}, {"belongs_to_collection": false, "budget": 0, "genres": ["Action", "Adventure", "Drama", "Thriller"], "id": 9917, "release_date": "2006-06-23", "revenue": 21353303, "runtime": 97, "title": "Waist Deep"}, {"belongs_to_collection": false, "budget": 0, "genres": ["Comedy", "Drama", "Family"], "id": 14544, "release_date": "2005-09-23", "revenue": 0, "runtime": 112, "title": "Roll Bounce"}, {"belongs_to_collection": false, "budget": 5000000, "genres": ["Drama"], "release_date": "2011-10-11", "revenue": 0, "runtime": 95, "title": "Video Girl", "actors/actresses": ["Ruby Dee"], "id": 76354}, {"belongs_to_collection": false, "budget": 0, "genres": ["Drama"], "release_date": "1997-11-07", "revenue": 0, "runtime": 109, "title": "Eve's Bayou", "actors/actresses": ["Diahann Carroll"], "id": 45153}, {"belongs_to_collection": false, "budget": 0, "genres": ["Crime", "Drama"], "id": 83890, "release_date": "2013-01-18", "revenue": 134634, "runtime": 94, "title": "LUV"}, {"belongs_to_collection": false, "budget": 16000000, "genres": ["Comedy", "Drama"], "id": 18475, "release_date": "2004-09-03", "revenue": 12, "runtime": 97, "title": "The Cookout"}, {"belongs_to_collection": false, "budget": 0, "genres": ["Crime", "Drama"], "id": 450308, "release_date": "2017-04-01", "revenue": 0, "runtime": 87, "title": "Deuces"}, {"belongs_to_collection": false, "budget": 0, "genres": ["Comedy", "Drama"], "id": 119446, "release_date": "2012-07-13", "revenue": 0, "runtime": 85, "title": "The Obama Effect"}, {"belongs_to_collection": false, "budget": 0, "genres": ["Drama"], "release_date": "2015-06-12", "revenue": 0, "runtime": 93, "title": "A Girl Like Grace", "actors/actresses": ["Garcelle Beauvais"], "id": 361588}, {"belongs_to_collection": false, "budget": 0, "genres": ["Drama"], "id": 535297, "release_date": "2020-06-13", "revenue": 0, "runtime": 111, "title": "If Not Now, When"}, {"belongs_to_collection": false, "budget": 0, "genres": ["Comedy", "Drama"], "id": 58669, "release_date": "1999-05-29", "revenue": 0, "runtime": 90, "title": "The Secret Life of Girls"}, {"belongs_to_collection": false, "budget": 0, "genres": ["Drama"], "id": 296817, "release_date": "2006-02-01", "revenue": 0, "runtime": 97, "title": "Miles from Home"}, {"belongs_to_collection": false, "budget": 0, "genres": ["Drama"], "id": 345993, "release_date": "2015-06-19", "revenue": 0, "runtime": 95, "title": "Charlie, Trevor And A Girl Savannah"}]}, "Angela Bassett": {"ids": "9780", "results": [{"belongs_to_collection": false, "budget": 90000000, "genres": ["Drama", "Science Fiction", "Mystery"], "id": 686, "release_date": "1997-07-11", "revenue": 171120329, "runtime": 150, "title": "Contact"}, {"belongs_to_collection": false, "budget": 6500000, "genres": ["Drama"], "release_date": "1991-07-12", "revenue": 57504069, "runtime": 112, "title": "Boyz n the Hood", "actors/actresses": ["Regina King", "Nia Long"], "id": 650}, {"belongs_to_collection": false, "budget": 0, "genres": ["Drama", "Music", "History"], "id": 14410, "release_date": "2009-01-16", "revenue": 43051547, "runtime": 122, "title": "Notorious"}, {"belongs_to_collection": false, "budget": 11500000, "genres": ["Drama", "Thriller"], "id": 14637, "release_date": "2008-12-19", "revenue": 186702, "runtime": 108, "title": "Nothing But the Truth"}, {"belongs_to_collection": false, "budget": 42000000, "genres": ["Crime", "Drama", "Science Fiction", "Thriller"], "id": 281, "release_date": "1995-10-13", "revenue": 7959291, "runtime": 145, "title": "Strange Days"}, {"belongs_to_collection": false, "budget": 34000000, "genres": ["Drama", "History"], "id": 1883, "release_date": "1992-11-18", "revenue": 48169908, "runtime": 202, "title": "Malcolm X"}, {"belongs_to_collection": false, "budget": 0, "genres": ["Thriller", "Drama"], "id": 157825, "release_date": "2014-08-14", "revenue": 33821, "runtime": 91, "title": "White Bird in a Blizzard"}, {"belongs_to_collection": false, "budget": 30000000, "genres": ["Comedy", "Drama"], "id": 16232, "release_date": "2004-06-15", "revenue": 21800302, "runtime": 104, "title": "Mr. 3000"}, {"belongs_to_collection": false, "budget": 0, "genres": ["Drama", "Music"], "id": 15765, "release_date": "1993-06-09", "revenue": 0, "runtime": 118, "title": "What's Love Got to Do with It"}, {"belongs_to_collection": false, "budget": 0, "genres": ["Comedy", "Drama", "Romance"], "id": 16710, "release_date": "2008-03-21", "revenue": 41939392, "runtime": 100, "title": "Meet the Browns"}, {"belongs_to_collection": false, "budget": 0, "genres": ["Drama"], "id": 252670, "release_date": "2008-01-01", "revenue": 0, "runtime": 90, "title": "Of Boys and Men"}, {"belongs_to_collection": false, "budget": 8000000, "genres": ["Drama"], "release_date": "2006-04-28", "revenue": 18948425, "runtime": 112, "title": "Akeelah and the Bee", "actors/actresses": ["Keke Palmer"], "id": 13751}, {"belongs_to_collection": false, "budget": 16000000, "genres": ["Comedy", "Drama", "Romance"], "release_date": "1995-12-22", "revenue": 81452156, "runtime": 127, "title": "Waiting to Exhale", "actors/actresses": ["Whitney Houston"], "id": 31357}, {"belongs_to_collection": false, "budget": 0, "genres": ["Drama", "Crime", "Comedy"], "release_date": "2015-12-04", "revenue": 0, "runtime": 127, "title": "Chi-Raq", "actors/actresses": ["Jennifer Hudson"], "id": 340275}, {"belongs_to_collection": false, "budget": 27000000, "genres": ["Drama"], "id": 26149, "release_date": "1999-10-29", "revenue": 14859394, "runtime": 124, "title": "Music of the Heart"}, {"belongs_to_collection": false, "budget": 0, "genres": ["Drama"], "id": 57022, "release_date": "2002-06-21", "revenue": 0, "runtime": 141, "title": "Sunshine State"}, {"belongs_to_collection": false, "budget": 17500000, "genres": ["Drama", "Music"], "release_date": "2013-11-27", "revenue": 7018189, "runtime": 93, "title": "Black Nativity", "actors/actresses": ["Jennifer Hudson"], "id": 175541}, {"belongs_to_collection": false, "budget": 0, "genres": ["Drama", "Music"], "id": 24356, "release_date": "2003-07-25", "revenue": 0, "runtime": 112, "title": "Masked and Anonymous"}, {"belongs_to_collection": false, "budget": 0, "genres": ["Drama"], "id": 41478, "release_date": "1995-05-04", "revenue": 6834525, "runtime": 124, "title": "Panther"}, {"belongs_to_collection": false, "budget": 20000000, "genres": ["Comedy", "Drama", "Romance"], "release_date": "1998-08-14", "revenue": 37672350, "runtime": 124, "title": "How Stella Got Her Groove Back", "actors/actresses": ["Regina King"], "id": 33644}]}, "Kerry Washington": {"ids": "11703", "results": [{"belongs_to_collection": false, "budget": 100000000, "genres": ["Drama", "Western"], "id": 68718, "release_date": "2012-12-25", "revenue": 425368238, "runtime": 165, "title": "Django Unchained"}, {"belongs_to_collection": false, "budget": 110000000, "genres": ["Action", "Comedy", "Drama", "Thriller"], "id": 787, "release_date": "2005-06-07", "revenue": 478207520, "runtime": 120, "title": "Mr. & Mrs. Smith"}, {"belongs_to_collection": false, "budget": 40000000, "genres": ["Drama", "Music"], "release_date": "2004-10-29", "revenue": 124731534, "runtime": 152, "title": "Ray", "actors/actresses": ["Regina King"], "id": 1677}, {"belongs_to_collection": false, "budget": 20000000, "genres": ["Drama", "Crime", "Thriller"], "id": 13279, "release_date": "2008-09-19", "revenue": 27640028, "runtime": 110, "title": "Lakeview Terrace"}, {"belongs_to_collection": false, "budget": 6000000, "genres": ["Drama"], "id": 1523, "release_date": "2006-01-12", "revenue": 48027970, "runtime": 121, "title": "The Last King of Scotland"}, {"belongs_to_collection": true, "budget": 13000000, "genres": ["Drama", "Family", "Romance", "Music"], "release_date": "2001-01-12", "revenue": 91038276, "runtime": 112, "title": "Save the Last Dance", "actors/actresses": ["Bianca Lawson"], "id": 9816}, {"belongs_to_collection": false, "budget": 0, "genres": ["Drama"], "id": 622963, "release_date": "2019-09-12", "revenue": 0, "runtime": 90, "title": "American Son"}, {"belongs_to_collection": false, "budget": 40000000, "genres": ["Drama", "Comedy"], "release_date": "2012-03-07", "revenue": 22044277, "runtime": 91, "title": "A Thousand Words", "actors/actresses": ["Ruby Dee"], "id": 72358}, {"belongs_to_collection": false, "budget": 0, "genres": ["Crime", "Drama"], "id": 13573, "release_date": "2003-01-18", "revenue": 343816, "runtime": 108, "title": "The United States of Leland"}, {"belongs_to_collection": false, "budget": 0, "genres": ["Drama"], "release_date": "2010-11-05", "revenue": 37000000, "runtime": 134, "title": "For Colored Girls", "actors/actresses": ["Janet Jackson", "Thandie Newton"], "id": 44944}, {"belongs_to_collection": false, "budget": 45000000, "genres": ["Drama", "War"], "id": 12412, "release_date": "2008-09-15", "revenue": 9323833, "runtime": 160, "title": "Miracle at St. Anna"}, {"belongs_to_collection": false, "budget": 30000000, "genres": ["Drama", "Romance"], "id": 10922, "release_date": "2003-10-29", "revenue": 0, "runtime": 106, "title": "The Human Stain"}, {"belongs_to_collection": false, "budget": 7000000, "genres": ["Drama", "Romance"], "id": 37080, "release_date": "2009-11-07", "revenue": 0, "runtime": 125, "title": "Mother and Child"}, {"belongs_to_collection": false, "budget": 0, "genres": ["Comedy", "Drama"], "id": 135647, "release_date": "2011-01-01", "revenue": 0, "runtime": 96, "title": "The Details"}, {"belongs_to_collection": false, "budget": 0, "genres": ["Drama", "History", "TV Movie"], "release_date": "2016-04-16", "revenue": 0, "runtime": 110, "title": "Confirmation", "actors/actresses": ["Jennifer Hudson"], "id": 348390}, {"belongs_to_collection": false, "budget": 0, "genres": ["Mystery", "Drama", "Crime", "Thriller"], "id": 13551, "release_date": "2006-11-07", "revenue": 0, "runtime": 85, "title": "The Dead Girl"}, {"belongs_to_collection": false, "budget": 8000000, "genres": ["Comedy", "Drama"], "id": 20912, "release_date": "2004-07-30", "revenue": 365134, "runtime": 139, "title": "She Hate Me"}, {"belongs_to_collection": false, "budget": 39000000, "genres": ["Romance", "Drama"], "id": 8842, "release_date": "2004-02-20", "revenue": 6432551, "runtime": 106, "title": "Against the Ropes"}, {"belongs_to_collection": false, "budget": 0, "genres": ["Drama"], "id": 48109, "release_date": "2000-01-21", "revenue": 0, "runtime": 95, "title": "Our Song"}, {"belongs_to_collection": false, "budget": 0, "genres": ["Drama"], "id": 21372, "release_date": "2009-01-01", "revenue": 0, "runtime": 99, "title": "Life Is Hot in Cracktown"}]}, "Rashida Jones": {"ids": "80591", "results": [{"belongs_to_collection": false, "budget": 0, "genres": ["Drama", "Comedy"], "id": 575417, "release_date": "2020-10-02", "revenue": 0, "runtime": 97, "title": "On the Rocks"}, {"belongs_to_collection": false, "budget": 175000000, "genres": ["Drama", "Comedy", "Animation", "Family"], "id": 150540, "release_date": "2015-06-09", "revenue": 857611174, "runtime": 95, "title": "Inside Out"}, {"belongs_to_collection": false, "budget": 28000000, "genres": ["Comedy", "Drama"], "id": 455980, "release_date": "2018-05-30", "revenue": 75100000, "runtime": 100, "title": "Tag"}, {"belongs_to_collection": false, "budget": 40000000, "genres": ["Drama"], "id": 37799, "release_date": "2010-10-01", "revenue": 224920315, "runtime": 121, "title": "The Social Network"}, {"belongs_to_collection": false, "budget": 0, "genres": ["Drama"], "id": 565341, "release_date": "2019-09-13", "revenue": 0, "runtime": 87, "title": "The Sound of Silence"}, {"belongs_to_collection": false, "budget": 0, "genres": ["Comedy", "Drama", "Romance"], "id": 84184, "release_date": "2012-08-03", "revenue": 3094813, "runtime": 91, "title": "Celeste & Jesse Forever"}, {"belongs_to_collection": false, "budget": 35000000, "genres": ["Comedy", "Romance", "Drama"], "id": 14846, "release_date": "2004-08-06", "revenue": 22034832, "runtime": 111, "title": "Little Black Book"}, {"belongs_to_collection": false, "budget": 5000000, "genres": ["Comedy", "Drama"], "id": 59968, "release_date": "2011-08-26", "revenue": 24816118, "runtime": 90, "title": "Our Idiot Brother"}, {"belongs_to_collection": false, "budget": 2000000, "genres": ["Comedy", "Drama", "Romance"], "id": 15186, "release_date": "2002-08-02", "revenue": 2506446, "runtime": 96, "title": "Full Frontal"}, {"belongs_to_collection": true, "budget": 0, "genres": ["Romance", "Drama"], "release_date": "2000-03-05", "revenue": 0, "runtime": 96, "title": "If These Walls Could Talk 2", "actors/actresses": ["Regina King", "Nia Long"], "id": 28031}, {"belongs_to_collection": false, "budget": 2000000, "genres": ["Drama"], "id": 177047, "release_date": "2014-05-02", "revenue": 48390, "runtime": 91, "title": "Decoding Annie Parker"}, {"belongs_to_collection": false, "budget": 1000000, "genres": ["Drama", "Romance"], "id": 55895, "release_date": "2010-04-24", "revenue": 0, "runtime": 94, "title": "Monogamy"}, {"belongs_to_collection": false, "budget": 0, "genres": ["Comedy", "Drama", "Romance"], "id": 29151, "release_date": "2009-01-19", "revenue": 0, "runtime": 80, "title": "Brief Interviews with Hideous Men"}, {"belongs_to_collection": false, "budget": 0, "genres": ["Drama"], "id": 459970, "release_date": "2019-01-18", "revenue": 0, "runtime": 98, "title": "Don't Come Back from the Moon"}, {"belongs_to_collection": false, "budget": 2000000, "genres": ["Comedy", "Drama", "Romance"], "id": 50673, "release_date": "2008-09-12", "revenue": 0, "runtime": 78, "title": "Life in Flight"}, {"belongs_to_collection": false, "budget": 0, "genres": ["Drama", "Romance", "Comedy"], "id": 544733, "release_date": "2015-07-01", "revenue": 0, "runtime": 80, "title": "Matters of the Heart"}]}, "Lisa Bonet": {"ids": "3232", "results": [{"belongs_to_collection": false, "budget": 90000000, "genres": ["Action", "Drama", "Thriller"], "release_date": "1998-11-20", "revenue": 250649836, "runtime": 132, "title": "Enemy of the State", "actors/actresses": ["Regina King"], "id": 9798}, {"belongs_to_collection": false, "budget": 30000000, "genres": ["Comedy", "Drama", "Romance", "Music"], "id": 243, "release_date": "2000-03-17", "revenue": 47126295, "runtime": 113, "title": "High Fidelity"}, {"belongs_to_collection": false, "budget": 24000000, "genres": ["Action", "Drama"], "release_date": "2003-01-31", "revenue": 23510601, "runtime": 110, "title": "Biker Boyz", "actors/actresses": ["Meagan Good"], "id": 12253}, {"belongs_to_collection": false, "budget": 0, "genres": ["Thriller", "Drama"], "id": 268060, "release_date": "2014-04-12", "revenue": 0, "runtime": 91, "title": "Road to Paloma"}, {"belongs_to_collection": false, "budget": 0, "genres": ["Thriller", "Drama"], "id": 68670, "release_date": "1994-01-01", "revenue": 0, "runtime": 93, "title": "Dead Connection"}, {"belongs_to_collection": false, "budget": 0, "genres": ["Drama", "Fantasy"], "id": 452898, "release_date": "2017-02-27", "revenue": 0, "runtime": 8, "title": "Jellywolf"}]}, "Halle Berry": {"ids": "4587", "results": [{"belongs_to_collection": false, "budget": 102000000, "genres": ["Drama", "Science Fiction"], "id": 83542, "release_date": "2012-10-26", "revenue": 130482868, "runtime": 172, "title": "Cloud Atlas"}, {"belongs_to_collection": false, "budget": 21000000, "genres": ["Drama", "Thriller"], "id": 293768, "release_date": "2017-06-16", "revenue": 30718107, "runtime": 95, "title": "Kidnap"}, {"belongs_to_collection": false, "budget": 55000000, "genres": ["Action", "Adventure", "Drama", "Thriller"], "id": 2320, "release_date": "1996-03-15", "revenue": 121969216, "runtime": 133, "title": "Executive Decision"}, {"belongs_to_collection": false, "budget": 4000000, "genres": ["Drama", "Romance"], "id": 1365, "release_date": "2001-06-07", "revenue": 44909486, "runtime": 113, "title": "Monster's Ball"}, {"belongs_to_collection": false, "budget": 30000000, "genres": ["Comedy", "Drama"], "id": 9452, "release_date": "1998-05-15", "revenue": 29202884, "runtime": 108, "title": "Bulworth"}, {"belongs_to_collection": false, "budget": 16000000, "genres": ["Drama"], "id": 3877, "release_date": "2007-09-26", "revenue": 2849142, "runtime": 113, "title": "Things We Lost in the Fire"}, {"belongs_to_collection": false, "budget": 25000000, "genres": ["Thriller", "Adventure", "Drama"], "id": 59963, "release_date": "2012-03-28", "revenue": 432274, "runtime": 113, "title": "Dark Tide"}, {"belongs_to_collection": false, "budget": 14000000, "genres": ["Drama", "Romance"], "release_date": "1991-06-07", "revenue": 32482682, "runtime": 132, "title": "Jungle Fever", "actors/actresses": ["Ruby Dee"], "id": 1713}, {"belongs_to_collection": false, "budget": 0, "genres": ["Romance", "Drama", "Crime"], "id": 408873, "release_date": "2017-11-11", "revenue": 0, "runtime": 92, "title": "Kings"}, {"belongs_to_collection": false, "budget": 0, "genres": ["Drama", "Thriller"], "id": 55061, "release_date": "2010-12-10", "revenue": 693181, "runtime": 101, "title": "Frankie & Alice"}, {"belongs_to_collection": false, "budget": 0, "genres": ["Drama", "Action", "Romance"], "id": 18133, "release_date": "1993-09-24", "revenue": 23042200, "runtime": 112, "title": "The Program"}, {"belongs_to_collection": false, "budget": 17000000, "genres": ["Drama"], "id": 28313, "release_date": "1995-03-17", "revenue": 7603766, "runtime": 106, "title": "Losing Isaiah"}, {"belongs_to_collection": false, "budget": 0, "genres": ["Drama", "Romance"], "release_date": "2005-03-06", "revenue": 0, "runtime": 113, "title": "Their Eyes Were Watching God", "actors/actresses": ["Ruby Dee"], "id": 17364}, {"belongs_to_collection": false, "budget": 0, "genres": ["Drama", "Romance"], "release_date": "1998-08-28", "revenue": 12413650, "runtime": 116, "title": "Why Do Fools Fall In Love", "actors/actresses": ["Vivica A. Fox"], "id": 46702}, {"belongs_to_collection": false, "budget": 0, "genres": ["Drama"], "id": 54982, "release_date": "1999-08-21", "revenue": 0, "runtime": 120, "title": "Introducing Dorothy Dandridge"}, {"belongs_to_collection": false, "budget": 0, "genres": ["Romance", "Drama", "TV Movie"], "id": 288887, "release_date": "1998-02-22", "revenue": 0, "runtime": 180, "title": "The Wedding"}, {"belongs_to_collection": false, "budget": 0, "genres": ["Drama"], "id": 718633, "release_date": "2020-09-12", "revenue": 0, "runtime": 129, "title": "Bruised"}, {"belongs_to_collection": false, "budget": 0, "genres": ["Drama", "Romance"], "id": 121285, "release_date": "1995-02-26", "revenue": 0, "runtime": 89, "title": "Solomon & Sheba"}, {"belongs_to_collection": false, "budget": 0, "genres": ["Crime", "Drama", "Mystery"], "id": 536571, "release_date": "", "revenue": 0, "runtime": null, "title": "Jagged Edge"}]}, "Oprah Winfrey": {"ids": "13309", "results": [{"belongs_to_collection": false, "budget": 25000000, "genres": ["Drama"], "id": 132363, "release_date": "2013-08-16", "revenue": 115922175, "runtime": 132, "title": "The Butler"}, {"belongs_to_collection": false, "budget": 15000000, "genres": ["Drama"], "id": 873, "release_date": "1985-12-18", "revenue": 146292009, "runtime": 154, "title": "The Color Purple"}, {"belongs_to_collection": false, "budget": 20000000, "genres": ["History", "Drama"], "id": 273895, "release_date": "2014-12-25", "revenue": 66787908, "runtime": 127, "title": "Selma"}, {"belongs_to_collection": false, "budget": 0, "genres": ["Drama", "TV Movie"], "id": 424600, "release_date": "2017-04-22", "revenue": 0, "runtime": 93, "title": "The Immortal Life of Henrietta Lacks"}, {"belongs_to_collection": false, "budget": 0, "genres": ["Drama", "Thriller"], "release_date": "1998-10-16", "revenue": 0, "runtime": 172, "title": "Beloved", "actors/actresses": ["Thandie Newton"], "id": 39437}, {"belongs_to_collection": false, "budget": 2000000, "genres": ["Drama"], "id": 108312, "release_date": "1986-12-24", "revenue": 1301121, "runtime": 111, "title": "Native Son"}, {"belongs_to_collection": false, "budget": 0, "genres": ["Drama", "Family", "Animation"], "id": 185759, "release_date": "1999-01-12", "revenue": 0, "runtime": 60, "title": "Our Friend, Martin"}, {"belongs_to_collection": false, "budget": 0, "genres": ["Drama", "TV Movie"], "id": 214043, "release_date": "1997-11-01", "revenue": 0, "runtime": 96, "title": "Before Women Had Wings"}]}, "Queen Latifah": {"ids": "15758", "results": [{"belongs_to_collection": false, "budget": 16000000, "genres": ["Drama"], "id": 339984, "release_date": "2016-03-17", "revenue": 73983359, "runtime": 119, "title": "Miracles from Heaven"}, {"belongs_to_collection": false, "budget": 45000000, "genres": ["Comedy", "Crime", "Drama"], "id": 1574, "release_date": "2002-12-26", "revenue": 306776732, "runtime": 113, "title": "Chicago"}, {"belongs_to_collection": false, "budget": 73000000, "genres": ["Drama", "Mystery", "Thriller", "Crime"], "id": 9481, "release_date": "1999-11-04", "revenue": 151493655, "runtime": 118, "title": "The Bone Collector"}, {"belongs_to_collection": false, "budget": 45000000, "genres": ["Adventure", "Comedy", "Drama"], "id": 17379, "release_date": "2006-01-13", "revenue": 38399961, "runtime": 112, "title": "Last Holiday"}, {"belongs_to_collection": false, "budget": 50000000, "genres": ["Comedy", "Romance", "Drama"], "id": 2976, "release_date": "2007-07-13", "revenue": 90450008, "runtime": 117, "title": "Hairspray"}, {"belongs_to_collection": true, "budget": 18000000, "genres": ["Comedy", "Drama"], "release_date": "2004-01-20", "revenue": 65070412, "runtime": 106, "title": "Barbershop 2: Back in Business", "actors/actresses": ["Keke Palmer", "Garcelle Beauvais"], "id": 21301}, {"belongs_to_collection": false, "budget": 0, "genres": ["Comedy", "Drama", "Romance"], "release_date": "2010-05-14", "revenue": 21520719, "runtime": 100, "title": "Just Wright", "actors/actresses": ["Pam Grier", "Paula Patton"], "id": 38093}, {"belongs_to_collection": false, "budget": 0, "genres": ["Drama"], "id": 532905, "release_date": "", "revenue": 0, "runtime": 0, "title": "Hope's Wish"}, {"belongs_to_collection": false, "budget": 70000000, "genres": ["Comedy", "Drama"], "id": 44564, "release_date": "2011-01-13", "revenue": 67112664, "runtime": 111, "title": "The Dilemma"}, {"belongs_to_collection": false, "budget": 0, "genres": ["Drama", "Music", "TV Movie"], "id": 330544, "release_date": "2015-05-16", "revenue": 0, "runtime": 107, "title": "Bessie"}, {"belongs_to_collection": false, "budget": 5000000, "genres": ["Action", "Crime", "Drama", "Thriller"], "id": 16136, "release_date": "1992-01-17", "revenue": 20146880, "runtime": 96, "title": "Juice"}, {"belongs_to_collection": false, "budget": 9000000, "genres": ["Crime", "Drama", "Thriller"], "release_date": "1996-11-06", "revenue": 41590886, "runtime": 123, "title": "Set It Off", "actors/actresses": ["Jada Pinkett Smith", "Vivica A. Fox"], "id": 9400}, {"belongs_to_collection": false, "budget": 30000000, "genres": ["Comedy", "Drama", "Fantasy", "Romance"], "id": 1262, "release_date": "2006-09-09", "revenue": 53653224, "runtime": 113, "title": "Stranger Than Fiction"}, {"belongs_to_collection": false, "budget": 32000000, "genres": ["Drama"], "id": 8649, "release_date": "1999-10-22", "revenue": 0, "runtime": 121, "title": "Bringing Out the Dead"}, {"belongs_to_collection": false, "budget": 11000000, "genres": ["Adventure", "Drama"], "release_date": "2008-09-17", "revenue": 38105395, "runtime": 114, "title": "The Secret Life of Bees", "actors/actresses": ["Jennifer Hudson"], "id": 12837}, {"belongs_to_collection": false, "budget": 30000000, "genres": ["Crime", "Drama"], "release_date": "1997-08-27", "revenue": 0, "runtime": 130, "title": "Hoodlum", "actors/actresses": ["Cicely Tyson", "Vanessa Lynn Williams", "Vanessa Williams"], "id": 22073}, {"belongs_to_collection": false, "budget": 14000000, "genres": ["Drama", "Romance"], "release_date": "1991-06-07", "revenue": 32482682, "runtime": 132, "title": "Jungle Fever", "actors/actresses": ["Ruby Dee", "Halle Berry"], "id": 1713}, {"belongs_to_collection": false, "budget": 0, "genres": ["Drama", "Romance"], "id": 41659, "release_date": "1993-11-12", "revenue": 27484464, "runtime": 114, "title": "My Life"}, {"belongs_to_collection": false, "budget": 0, "genres": ["Drama", "Science Fiction", "Crime", "Mystery", "Thriller"], "id": 57012, "release_date": "2002-04-28", "revenue": 0, "runtime": 142, "title": "Talking to Heaven"}, {"belongs_to_collection": false, "budget": 16000000, "genres": ["Comedy", "Drama"], "release_date": "2004-09-03", "revenue": 12, "runtime": 97, "title": "The Cookout", "actors/actresses": ["Meagan Good"], "id": 18475}]}, "Eve Jihan Jeffers": {"ids": "230176", "results": [{"belongs_to_collection": true, "budget": 12000000, "genres": ["Comedy", "Drama"], "id": 10611, "release_date": "2002-04-01", "revenue": 75781642, "runtime": 102, "title": "Barbershop"}, {"belongs_to_collection": true, "budget": 20000000, "genres": ["Comedy", "Drama"], "release_date": "2016-04-15", "revenue": 55030051, "runtime": 112, "title": "Barbershop: The Next Cut", "actors/actresses": ["Regina Hall", "Garcelle Beauvais"], "id": 326423}, {"belongs_to_collection": true, "budget": 18000000, "genres": ["Comedy", "Drama"], "release_date": "2004-01-20", "revenue": 65070412, "runtime": 106, "title": "Barbershop 2: Back in Business", "actors/actresses": ["Keke Palmer", "Garcelle Beauvais", "Queen Latifah"], "id": 21301}, {"belongs_to_collection": false, "budget": 15000000, "genres": ["Drama"], "id": 22798, "release_date": "2009-04-09", "revenue": 16633035, "runtime": 111, "title": "Whip It"}, {"belongs_to_collection": false, "budget": 0, "genres": ["Drama"], "id": 9692, "release_date": "2004-12-24", "revenue": 4678405, "runtime": 87, "title": "The Woodsman"}, {"belongs_to_collection": false, "budget": 0, "genres": ["Drama"], "id": 13793, "release_date": "2008-10-17", "revenue": 1107542, "runtime": 110, "title": "Flashbacks of a Fool"}, {"belongs_to_collection": false, "budget": 16000000, "genres": ["Comedy", "Drama"], "release_date": "2004-09-03", "revenue": 12, "runtime": 97, "title": "The Cookout", "actors/actresses": ["Meagan Good", "Queen Latifah"], "id": 18475}, {"belongs_to_collection": false, "budget": 0, "genres": ["Comedy", "Romance", "Drama"], "release_date": "2015-01-24", "revenue": 0, "runtime": 105, "title": "With This Ring", "actors/actresses": ["Regina Hall", "Gabrielle Union"], "id": 321160}, {"belongs_to_collection": false, "budget": 10000, "genres": ["Action", "Mystery", "Crime", "Drama"], "release_date": "2019-10-11", "revenue": 1000000, "runtime": 47, "title": "A  Cold Case", "actors/actresses": ["Janet Jackson"], "id": 754149}]}, "Loretta Devine": {"ids": "18284", "results": [{"belongs_to_collection": false, "budget": 6500000, "genres": ["Drama"], "release_date": "2005-05-06", "revenue": 98410061, "runtime": 112, "title": "Crash", "actors/actresses": ["Thandie Newton"], "id": 1640}, {"belongs_to_collection": false, "budget": 0, "genres": ["Comedy", "Drama", "Romance"], "id": 462919, "release_date": "2018-09-07", "revenue": 0, "runtime": 105, "title": "Sierra Burgess Is a Loser"}, {"belongs_to_collection": false, "budget": 22000000, "genres": ["Drama"], "id": 10950, "release_date": "2001-12-28", "revenue": 92542418, "runtime": 132, "title": "I Am Sam"}, {"belongs_to_collection": true, "budget": 25000000, "genres": ["Comedy", "Drama"], "release_date": "2011-04-22", "revenue": 53213633, "runtime": 106, "title": "Madea's Big Happy Family", "actors/actresses": ["Lauren London"], "id": 51017}, {"belongs_to_collection": false, "budget": 0, "genres": ["Drama"], "id": 290542, "release_date": "2014-10-10", "revenue": 11486, "runtime": 104, "title": "You're Not You"}, {"belongs_to_collection": false, "budget": 13000000, "genres": ["Comedy", "Drama", "Romance"], "release_date": "2007-11-27", "revenue": 0, "runtime": 117, "title": "This Christmas", "actors/actresses": ["Regina King", "Sharon Leal", "Lauren London"], "id": 15250}, {"belongs_to_collection": false, "budget": 0, "genres": ["Drama"], "release_date": "2010-11-05", "revenue": 37000000, "runtime": 134, "title": "For Colored Girls", "actors/actresses": ["Janet Jackson", "Thandie Newton", "Kerry Washington"], "id": 44944}, {"belongs_to_collection": false, "budget": 70000000, "genres": ["Drama", "Music"], "release_date": "2006-12-25", "revenue": 154937680, "runtime": 134, "title": "Dreamgirls", "actors/actresses": ["Jennifer Hudson", "Sharon Leal"], "id": 1125}, {"belongs_to_collection": false, "budget": 0, "genres": ["Comedy", "Drama"], "id": 30963, "release_date": "1992-06-05", "revenue": 0, "runtime": 98, "title": "Class Act"}, {"belongs_to_collection": false, "budget": 23000000, "genres": ["Drama", "Romance"], "id": 36094, "release_date": "1990-02-09", "revenue": 5820015, "runtime": 104, "title": "Stanley & Iris"}, {"belongs_to_collection": false, "budget": 30000000, "genres": ["Crime", "Drama"], "release_date": "1997-08-27", "revenue": 0, "runtime": 130, "title": "Hoodlum", "actors/actresses": ["Cicely Tyson", "Vanessa Lynn Williams", "Vanessa Williams", "Queen Latifah"], "id": 22073}, {"belongs_to_collection": false, "budget": 0, "genres": ["Comedy", "Drama"], "id": 284537, "release_date": "2014-09-05", "revenue": 0, "runtime": 87, "title": "Welcome to Me"}, {"belongs_to_collection": false, "budget": 0, "genres": ["Crime", "Drama", "Thriller"], "id": 44027, "release_date": "2009-12-11", "revenue": 0, "runtime": 91, "title": "My Son, My Son, What Have Ye Done"}, {"belongs_to_collection": false, "budget": 40000000, "genres": ["Fantasy", "Drama", "Comedy", "Family", "Romance"], "release_date": "1996-12-13", "revenue": 48093211, "runtime": 124, "title": "The Preacher's Wife", "actors/actresses": ["Whitney Houston"], "id": 21539}, {"belongs_to_collection": false, "budget": 16000000, "genres": ["Comedy", "Drama", "Romance"], "release_date": "1995-12-22", "revenue": 81452156, "runtime": 127, "title": "Waiting to Exhale", "actors/actresses": ["Whitney Houston", "Angela Bassett"], "id": 31357}, {"belongs_to_collection": false, "budget": 0, "genres": ["Comedy", "Drama"], "release_date": "2001-04-11", "revenue": 0, "runtime": 94, "title": "Kingdom Come", "actors/actresses": ["Jada Pinkett Smith", "Vivica A. Fox"], "id": 38803}, {"belongs_to_collection": false, "budget": 0, "genres": ["Action", "Drama", "Thriller"], "id": 364160, "release_date": "2016-01-15", "revenue": 114, "runtime": 90, "title": "Caged No More"}, {"belongs_to_collection": false, "budget": 0, "genres": ["Drama"], "id": 125582, "release_date": "1998-12-25", "revenue": 0, "runtime": 112, "title": "Down in the Delta"}, {"belongs_to_collection": false, "budget": 0, "genres": ["Drama"], "id": 287636, "release_date": "2015-10-23", "revenue": 0, "runtime": 101, "title": "The Sound and the Fury"}, {"belongs_to_collection": false, "budget": 0, "genres": ["Drama"], "release_date": "1999-08-21", "revenue": 0, "runtime": 120, "title": "Introducing Dorothy Dandridge", "actors/actresses": ["Halle Berry"], "id": 54982}]}, "Hattie McDaniel": {"ids": "11498", "results": [{"belongs_to_collection": false, "budget": 4000000, "genres": ["Drama", "War", "Romance"], "id": 770, "release_date": "1939-12-15", "revenue": 402352579, "runtime": 233, "title": "Gone with the Wind"}, {"belongs_to_collection": false, "budget": 0, "genres": ["Drama", "Romance", "War", "Western"], "id": 17382, "release_date": "1941-11-20", "revenue": 0, "runtime": 140, "title": "They Died with Their Boots On"}, {"belongs_to_collection": false, "budget": 0, "genres": ["Drama", "Romance", "War"], "release_date": "1944-06-30", "revenue": 0, "runtime": 177, "title": "Since You Went Away", "actors/actresses": ["Dorothy Dandridge"], "id": 42401}, {"belongs_to_collection": false, "budget": 0, "genres": ["Drama", "Romance"], "id": 47921, "release_date": "1934-11-23", "revenue": 0, "runtime": 111, "title": "Imitation of Life"}, {"belongs_to_collection": false, "budget": 0, "genres": ["Drama"], "id": 43705, "release_date": "1941-04-05", "revenue": 0, "runtime": 108, "title": "The Great Lie"}, {"belongs_to_collection": false, "budget": 0, "genres": ["Comedy", "Drama", "Romance"], "id": 43886, "release_date": "1935-08-23", "revenue": 0, "runtime": 99, "title": "Alice Adams"}, {"belongs_to_collection": false, "budget": 0, "genres": ["Drama"], "id": 34474, "release_date": "1932-09-23", "revenue": 0, "runtime": 93, "title": "Blonde Venus"}, {"belongs_to_collection": false, "budget": 0, "genres": ["Comedy", "Drama", "Romance"], "id": 37650, "release_date": "1937-11-25", "revenue": 0, "runtime": 77, "title": "Nothing Sacred"}, {"belongs_to_collection": false, "budget": 1138000, "genres": ["Adventure", "Action", "Drama"], "id": 71282, "release_date": "1935-08-09", "revenue": 0, "runtime": 87, "title": "China Seas"}, {"belongs_to_collection": false, "budget": 0, "genres": ["Drama", "Romance", "War"], "id": 99318, "release_date": "1938-07-15", "revenue": 0, "runtime": 85, "title": "The Shopworn Angel"}, {"belongs_to_collection": false, "budget": 0, "genres": ["Music", "Comedy", "Drama"], "id": 31548, "release_date": "1936-05-17", "revenue": 0, "runtime": 113, "title": "Show Boat"}, {"belongs_to_collection": false, "budget": 0, "genres": ["Action", "Drama", "Romance"], "id": 59822, "release_date": "1949-11-04", "revenue": 0, "runtime": 92, "title": "The Big Wheel"}, {"belongs_to_collection": false, "budget": 0, "genres": ["Drama", "Romance"], "id": 111463, "release_date": "1938-11-18", "revenue": 0, "runtime": 76, "title": "The Shining Hour"}, {"belongs_to_collection": false, "budget": 0, "genres": ["Drama", "Romance"], "id": 43525, "release_date": "1942-05-08", "revenue": 0, "runtime": 97, "title": "In This Our Life"}, {"belongs_to_collection": false, "budget": 0, "genres": ["Drama"], "id": 114186, "release_date": "1943-09-03", "revenue": 0, "runtime": 97, "title": "Johnny Come Lately"}, {"belongs_to_collection": false, "budget": 0, "genres": ["Comedy", "Drama", "Romance"], "id": 23024, "release_date": "1934-09-15", "revenue": 0, "runtime": 80, "title": "Judge Priest"}, {"belongs_to_collection": false, "budget": 0, "genres": ["Drama", "Romance", "War"], "id": 111310, "release_date": "1934-06-08", "revenue": 0, "runtime": 82, "title": "Operator 13"}, {"belongs_to_collection": false, "budget": 35000, "genres": ["Thriller", "Drama", "Mystery", "Horror", "Science Fiction"], "id": 28439, "release_date": "1935-10-01", "revenue": 0, "runtime": 53, "title": "Murder by Television"}, {"belongs_to_collection": false, "budget": 0, "genres": ["Drama", "Romance", "Comedy"], "id": 45800, "release_date": "1937-07-23", "revenue": 0, "runtime": 92, "title": "Saratoga"}, {"belongs_to_collection": false, "budget": 0, "genres": ["Comedy", "Drama", "Crime"], "id": 244447, "release_date": "1935-12-20", "revenue": 0, "runtime": 69, "title": "Another Face"}]}, "Octavia Spencer": {"ids": "6944", "results": [{"belongs_to_collection": false, "budget": 20000000, "genres": ["Drama", "Fantasy"], "id": 345938, "release_date": "2017-03-03", "revenue": 92924405, "runtime": 132, "title": "The Shack"}, {"belongs_to_collection": false, "budget": 19500000, "genres": ["Drama", "Fantasy", "Romance"], "id": 399055, "release_date": "2017-12-01", "revenue": 194989655, "runtime": 123, "title": "The Shape of Water"}, {"belongs_to_collection": false, "budget": 7000000, "genres": ["Drama", "Family", "Comedy"], "id": 400928, "release_date": "2017-04-12", "revenue": 40343446, "runtime": 101, "title": "Gifted"}, {"belongs_to_collection": false, "budget": 48000000, "genres": ["Comedy", "Drama"], "id": 491418, "release_date": "2018-11-16", "revenue": 14700000, "runtime": 118, "title": "Instant Family"}, {"belongs_to_collection": false, "budget": 39200000, "genres": ["Action", "Science Fiction", "Drama"], "id": 110415, "release_date": "2013-08-01", "revenue": 86758912, "runtime": 127, "title": "Snowpiercer"}, {"belongs_to_collection": false, "budget": 40000000, "genres": ["Crime", "Drama", "Thriller"], "id": 1645, "release_date": "1996-07-24", "revenue": 152266007, "runtime": 149, "title": "A Time to Kill"}, {"belongs_to_collection": false, "budget": 25000000, "genres": ["Drama"], "release_date": "2011-08-09", "revenue": 216639112, "runtime": 146, "title": "The Help", "actors/actresses": ["Viola Davis", "Cicely Tyson"], "id": 50014}, {"belongs_to_collection": false, "budget": 25000000, "genres": ["Drama", "History"], "release_date": "2016-12-10", "revenue": 230698791, "runtime": 127, "title": "Hidden Figures", "actors/actresses": ["Taraji P. Henson"], "id": 381284}, {"belongs_to_collection": false, "budget": 30000000, "genres": ["Drama"], "id": 7214, "release_date": "2005-01-14", "revenue": 76669806, "runtime": 136, "title": "Coach Carter"}, {"belongs_to_collection": false, "budget": 13000000, "genres": ["Comedy", "Drama", "Fantasy"], "id": 492, "release_date": "1999-10-29", "revenue": 22863596, "runtime": 113, "title": "Being John Malkovich"}, {"belongs_to_collection": false, "budget": 55000000, "genres": ["Drama"], "id": 11321, "release_date": "2008-12-18", "revenue": 168167691, "runtime": 123, "title": "Seven Pounds"}, {"belongs_to_collection": true, "budget": 26000000, "genres": ["Comedy", "Crime", "Drama", "Mystery"], "id": 338964, "release_date": "2016-11-23", "revenue": 23229371, "runtime": 92, "title": "Bad Santa 2"}, {"belongs_to_collection": true, "budget": 23000000, "genres": ["Drama", "Comedy", "Crime"], "id": 10147, "release_date": "2003-11-26", "revenue": 76488889, "runtime": 92, "title": "Bad Santa"}, {"belongs_to_collection": false, "budget": 0, "genres": ["Drama", "Thriller"], "id": 492616, "release_date": "2019-08-02", "revenue": 2268204, "runtime": 109, "title": "Luce"}, {"belongs_to_collection": false, "budget": 25000000, "genres": ["Romance", "Comedy", "Drama"], "id": 11355, "release_date": "1999-04-09", "revenue": 84565230, "runtime": 107, "title": "Never Been Kissed"}, {"belongs_to_collection": false, "budget": 2240000, "genres": ["Drama"], "id": 254172, "release_date": "2015-10-01", "revenue": 0, "runtime": 116, "title": "Fathers and Daughters"}, {"belongs_to_collection": false, "budget": 60000000, "genres": ["Drama", "Music"], "id": 17332, "release_date": "2009-04-24", "revenue": 31720158, "runtime": 109, "title": "The Soloist"}, {"belongs_to_collection": false, "budget": 0, "genres": ["Drama"], "id": 467917, "release_date": "2018-06-01", "revenue": 0, "runtime": 92, "title": "A Kid Like Jake"}, {"belongs_to_collection": false, "budget": 9000000, "genres": ["Drama"], "id": 253331, "release_date": "2014-09-06", "revenue": 21571189, "runtime": 121, "title": "Black or White"}, {"belongs_to_collection": false, "budget": 5000000, "genres": ["Comedy", "Drama", "Family"], "id": 331588, "release_date": "2015-10-05", "revenue": 0, "runtime": 99, "title": "The Great Gilly Hopkins"}]}, "Niecy Nash": {"ids": "63231", "results": [{"belongs_to_collection": false, "budget": 40000000, "genres": ["Comedy", "Romance", "Drama"], "id": 18240, "release_date": "2009-06-01", "revenue": 317375031, "runtime": 108, "title": "The Proposal"}, {"belongs_to_collection": false, "budget": 68000000, "genres": ["Comedy", "Drama", "Science Fiction"], "id": 301337, "release_date": "2017-12-22", "revenue": 55003890, "runtime": 135, "title": "Downsizing"}, {"belongs_to_collection": false, "budget": 0, "genres": ["Drama", "Comedy"], "id": 660609, "release_date": "2020-03-27", "revenue": 0, "runtime": 104, "title": "Uncorked"}, {"belongs_to_collection": false, "budget": 20000000, "genres": ["History", "Drama"], "release_date": "2014-12-25", "revenue": 66787908, "runtime": 127, "title": "Selma", "actors/actresses": ["Oprah Winfrey"], "id": 273895}, {"belongs_to_collection": false, "budget": 10000000, "genres": ["Comedy", "Drama", "Thriller"], "id": 9465, "release_date": "1999-01-22", "revenue": 10920544, "runtime": 118, "title": "Cookie's Fortune"}, {"belongs_to_collection": false, "budget": 0, "genres": ["Drama", "Romance"], "release_date": "2009-01-09", "revenue": 0, "runtime": 99, "title": "Not Easily Broken", "actors/actresses": ["Taraji P. Henson"], "id": 14834}, {"belongs_to_collection": false, "budget": 0, "genres": ["Drama", "TV Movie"], "id": 664747, "release_date": "2020-01-18", "revenue": 0, "runtime": 88, "title": "Stolen by My Mother: The Kamiyah Mobley Story"}]}, "Phylicia Rashad": {"ids": "119598", "results": [{"belongs_to_collection": true, "budget": 50000000, "genres": ["Drama"], "id": 480530, "release_date": "2018-11-21", "revenue": 214215889, "runtime": 130, "title": "Creed II"}, {"belongs_to_collection": true, "budget": 37000000, "genres": ["Drama"], "id": 312221, "release_date": "2015-11-25", "revenue": 173567581, "runtime": 133, "title": "Creed"}, {"belongs_to_collection": false, "budget": 0, "genres": ["Comedy", "Drama", "Romance"], "release_date": "2010-05-14", "revenue": 21520719, "runtime": 100, "title": "Just Wright", "actors/actresses": ["Pam Grier", "Paula Patton", "Queen Latifah"], "id": 38093}, {"belongs_to_collection": false, "budget": 0, "genres": ["Comedy", "Drama", "Romance"], "release_date": "2012-02-23", "revenue": 0, "runtime": 111, "title": "Good Deeds", "actors/actresses": ["Thandie Newton", "Gabrielle Union"], "id": 62008}, {"belongs_to_collection": false, "budget": 0, "genres": ["Drama"], "release_date": "2010-11-05", "revenue": 37000000, "runtime": 134, "title": "For Colored Girls", "actors/actresses": ["Janet Jackson", "Thandie Newton", "Kerry Washington", "Loretta Devine"], "id": 44944}, {"belongs_to_collection": false, "budget": 0, "genres": ["Drama", "Thriller"], "release_date": "2010-12-10", "revenue": 693181, "runtime": 101, "title": "Frankie & Alice", "actors/actresses": ["Halle Berry"], "id": 55061}, {"belongs_to_collection": false, "budget": 0, "genres": ["Drama", "Thriller", "TV Movie"], "id": 69945, "release_date": "1996-01-22", "revenue": 0, "runtime": 86, "title": "The Babysitter's Seduction"}, {"belongs_to_collection": false, "budget": 0, "genres": ["Drama"], "id": 244117, "release_date": "2015-08-29", "revenue": 0, "runtime": 88, "title": "Emily & Tim"}, {"belongs_to_collection": false, "budget": 0, "genres": ["Romance", "Drama", "TV Movie"], "id": 136718, "release_date": "2012-10-07", "revenue": 0, "runtime": 90, "title": "Steel Magnolias"}, {"belongs_to_collection": false, "budget": 0, "genres": ["Drama"], "id": 70282, "release_date": "2001-04-20", "revenue": 0, "runtime": 107, "title": "The Visit"}, {"belongs_to_collection": false, "budget": 0, "genres": ["TV Movie", "Family", "Comedy", "Drama"], "id": 54379, "release_date": "2011-01-08", "revenue": 0, "runtime": 90, "title": "Change of Plans"}, {"belongs_to_collection": false, "budget": 0, "genres": ["Drama"], "release_date": "2008-02-25", "revenue": 0, "runtime": 131, "title": "A Raisin in the Sun", "actors/actresses": ["Sanaa Lathan"], "id": 25781}, {"belongs_to_collection": false, "budget": 0, "genres": ["Romance", "Drama"], "id": 146599, "release_date": "1996-01-26", "revenue": 0, "runtime": 115, "title": "Once Upon a Time... When We Were Colored"}, {"belongs_to_collection": false, "budget": 0, "genres": ["Drama", "Romance"], "id": 257135, "release_date": "2001-04-25", "revenue": 0, "runtime": 87, "title": "The Old Settler"}, {"belongs_to_collection": false, "budget": 0, "genres": ["History", "Drama"], "id": 331472, "release_date": "1987-06-14", "revenue": 0, "runtime": 110, "title": "Uncle Tom's Cabin"}, {"belongs_to_collection": false, "budget": 0, "genres": ["TV Movie", "Drama"], "id": 750263, "release_date": "2015-07-03", "revenue": 0, "runtime": 0, "title": "For Justice"}, {"belongs_to_collection": false, "budget": 0, "genres": ["Crime", "Drama"], "id": 468079, "release_date": "1989-10-23", "revenue": 0, "runtime": 100, "title": "False Witness"}, {"belongs_to_collection": false, "budget": 0, "genres": ["Horror", "Drama", "Thriller"], "id": 354485, "release_date": "1995-05-02", "revenue": 0, "runtime": 105, "title": "The Possession of Michael D."}, {"belongs_to_collection": true, "budget": 0, "genres": ["Drama", "Action"], "id": 677179, "release_date": "", "revenue": 0, "runtime": 0, "title": "Creed III"}, {"belongs_to_collection": false, "budget": 0, "genres": ["Drama", "TV Movie"], "id": 265742, "release_date": "1994-04-10", "revenue": 0, "runtime": 90, "title": "David's Mother"}]}, "Keshia Knight Pulliam": {"ids": "84206", "results": [{"belongs_to_collection": true, "budget": 0, "genres": ["Comedy", "Crime", "Drama"], "release_date": "2009-02-16", "revenue": 90508336, "runtime": 103, "title": "Madea Goes to Jail", "actors/actresses": ["Viola Davis"], "id": 15670}, {"belongs_to_collection": false, "budget": 0, "genres": ["Drama", "Music"], "id": 25517, "release_date": "2005-10-07", "revenue": 0, "runtime": 105, "title": "The Gospel"}, {"belongs_to_collection": false, "budget": 0, "genres": ["Drama", "Romance", "TV Movie"], "id": 626280, "release_date": "2019-11-09", "revenue": 0, "runtime": 90, "title": "Radio Christmas"}, {"belongs_to_collection": true, "budget": 0, "genres": ["Drama", "Action", "Thriller", "Mystery", "Romance"], "id": 39291, "release_date": "2004-02-24", "revenue": 0, "runtime": 87, "title": "Motives"}, {"belongs_to_collection": false, "budget": 0, "genres": ["Family", "TV Movie", "Drama", "Romance", "Music"], "id": 552011, "release_date": "2018-11-25", "revenue": 0, "runtime": 88, "title": "Jingle Belle"}, {"belongs_to_collection": false, "budget": 0, "genres": ["Drama", "Thriller"], "id": 695678, "release_date": "2020-04-18", "revenue": 0, "runtime": 83, "title": "Tempted by Danger"}, {"belongs_to_collection": false, "budget": 0, "genres": ["Family", "Drama", "TV Movie"], "id": 55264, "release_date": "1987-12-21", "revenue": 0, "runtime": 96, "title": "The Little Match Girl"}, {"belongs_to_collection": false, "budget": 0, "genres": ["Drama", "Family"], "id": 598037, "release_date": "2002-05-31", "revenue": 0, "runtime": 88, "title": "What About Your Friends: Weekend Get-Away"}]}, "Whoopi Goldberg": {"ids": "2395", "results": [{"belongs_to_collection": true, "budget": 45000000, "genres": ["Family", "Animation", "Drama"], "id": 8587, "release_date": "1994-06-23", "revenue": 763455561, "runtime": 89, "title": "The Lion King"}, {"belongs_to_collection": false, "budget": 40000000, "genres": ["Drama"], "id": 3558, "release_date": "1999-03-24", "revenue": 48350205, "runtime": 127, "title": "Girl, Interrupted"}, {"belongs_to_collection": false, "budget": 22000000, "genres": ["Fantasy", "Drama", "Thriller", "Mystery", "Romance"], "id": 251, "release_date": "1990-07-12", "revenue": 505000000, "runtime": 127, "title": "Ghost"}, {"belongs_to_collection": true, "budget": 0, "genres": ["Comedy", "Crime", "Drama"], "release_date": "2009-02-16", "revenue": 90508336, "runtime": 103, "title": "Madea Goes to Jail", "actors/actresses": ["Viola Davis", "Keshia Knight Pulliam"], "id": 15670}, {"belongs_to_collection": false, "budget": 8000000, "genres": ["Comedy", "Drama", "Crime", "Thriller"], "id": 10403, "release_date": "1992-04-03", "revenue": 21706101, "runtime": 124, "title": "The Player"}, {"belongs_to_collection": false, "budget": 0, "genres": ["Comedy", "Drama", "Romance"], "id": 45156, "release_date": "2011-02-03", "revenue": 1296937, "runtime": 106, "title": "A Little Bit of Heaven"}, {"belongs_to_collection": false, "budget": 0, "genres": ["Drama"], "id": 455558, "release_date": "2017-09-07", "revenue": 0, "runtime": 88, "title": "9/11"}, {"belongs_to_collection": false, "budget": 15000000, "genres": ["Drama"], "release_date": "1985-12-18", "revenue": 146292009, "runtime": 154, "title": "The Color Purple", "actors/actresses": ["Oprah Winfrey"], "id": 873}, {"belongs_to_collection": false, "budget": 0, "genres": ["Drama"], "release_date": "2010-11-05", "revenue": 37000000, "runtime": 134, "title": "For Colored Girls", "actors/actresses": ["Janet Jackson", "Thandie Newton", "Kerry Washington", "Loretta Devine", "Phylicia Rashad"], "id": 44944}, {"belongs_to_collection": false, "budget": 0, "genres": ["Drama", "Comedy"], "release_date": "2014-12-12", "revenue": 25434291, "runtime": 102, "title": "Top Five", "actors/actresses": ["Taraji P. Henson", "Gabrielle Union"], "id": 284296}, {"belongs_to_collection": false, "budget": 38000000, "genres": ["Drama", "Mystery"], "id": 30943, "release_date": "1999-03-12", "revenue": 28121100, "runtime": 106, "title": "The Deep End of the Ocean"}, {"belongs_to_collection": false, "budget": 21000000, "genres": ["Comedy", "Drama"], "id": 9382, "release_date": "1995-02-03", "revenue": 23450000, "runtime": 115, "title": "Boys on the Side"}, {"belongs_to_collection": false, "budget": 0, "genres": ["Comedy", "Drama", "Family", "Romance"], "id": 10464, "release_date": "1994-08-12", "revenue": 0, "runtime": 115, "title": "Corrina, Corrina"}, {"belongs_to_collection": false, "budget": 36000000, "genres": ["Drama"], "id": 31908, "release_date": "1996-12-20", "revenue": 13323144, "runtime": 130, "title": "Ghosts of Mississippi"}, {"belongs_to_collection": false, "budget": 0, "genres": ["Comedy", "Drama", "Romance"], "id": 68274, "release_date": "1995-09-29", "revenue": 0, "runtime": 100, "title": "Moonlight and Valentino"}, {"belongs_to_collection": false, "budget": 0, "genres": ["Drama", "History"], "id": 51763, "release_date": "1990-12-21", "revenue": 0, "runtime": 97, "title": "The Long Walk Home"}, {"belongs_to_collection": false, "budget": 20000000, "genres": ["Comedy", "Drama", "Romance"], "release_date": "1998-08-14", "revenue": 37672350, "runtime": 124, "title": "How Stella Got Her Groove Back", "actors/actresses": ["Regina King", "Angela Bassett"], "id": 33644}, {"belongs_to_collection": false, "budget": 0, "genres": ["Music", "Drama", "Family"], "id": 35936, "release_date": "1992-09-18", "revenue": 0, "runtime": 117, "title": "Sarafina!"}, {"belongs_to_collection": false, "budget": 0, "genres": ["Comedy", "Drama"], "release_date": "2001-04-11", "revenue": 0, "runtime": 94, "title": "Kingdom Come", "actors/actresses": ["Jada Pinkett Smith", "Vivica A. Fox", "Loretta Devine"], "id": 38803}, {"belongs_to_collection": false, "budget": 0, "genres": ["Drama", "TV Movie"], "id": 59884, "release_date": "2001-01-22", "revenue": 0, "runtime": 120, "title": "What Makes a Family"}]}, "Alfre Woodard": {"ids": "1981", "results": [{"belongs_to_collection": false, "budget": 20000000, "genres": ["Drama", "History"], "id": 76203, "release_date": "2013-10-18", "revenue": 187000000, "runtime": 134, "title": "12 Years a Slave"}, {"belongs_to_collection": false, "budget": 30000000, "genres": ["Crime", "Drama", "Mystery", "Thriller"], "id": 1592, "release_date": "1996-03-06", "revenue": 102616183, "runtime": 129, "title": "Primal Fear"}, {"belongs_to_collection": false, "budget": 48000000, "genres": ["Drama", "Science Fiction"], "id": 167, "release_date": "2001-10-22", "revenue": 50315140, "runtime": 120, "title": "K-PAX"}, {"belongs_to_collection": false, "budget": 30000000, "genres": ["Comedy", "Music", "Drama"], "id": 12763, "release_date": "2006-03-17", "revenue": 65742992, "runtime": 108, "title": "Take the Lead"}, {"belongs_to_collection": false, "budget": 42000000, "genres": ["Drama", "Horror", "Mystery", "Science Fiction", "Thriller"], "id": 10145, "release_date": "2004-09-24", "revenue": 117592831, "runtime": 91, "title": "The Forgotten"}, {"belongs_to_collection": false, "budget": 0, "genres": ["Drama", "Thriller"], "id": 309242, "release_date": "2015-07-04", "revenue": 130541, "runtime": 108, "title": "Mississippi Grind"}, {"belongs_to_collection": false, "budget": 20000000, "genres": ["Action", "Comedy", "Drama", "Romance"], "release_date": "2000-04-21", "revenue": 27728118, "runtime": 124, "title": "Love & Basketball", "actors/actresses": ["Regina Hall", "Tyra Banks", "Sanaa Lathan", "Gabrielle Union"], "id": 14736}, {"belongs_to_collection": false, "budget": 10000000, "genres": ["Drama", "Romance"], "id": 11861, "release_date": "1995-10-06", "revenue": 23574130, "runtime": 116, "title": "How to Make an American Quilt"}, {"belongs_to_collection": false, "budget": 35000000, "genres": ["Drama"], "id": 13920, "release_date": "2003-10-24", "revenue": 53293628, "runtime": 109, "title": "Radio"}, {"belongs_to_collection": false, "budget": 32000000, "genres": ["Fantasy", "Comedy", "Drama"], "id": 9647, "release_date": "1988-11-22", "revenue": 60328558, "runtime": 101, "title": "Scrooged"}, {"belongs_to_collection": false, "budget": 0, "genres": ["Drama"], "id": 550506, "release_date": "2019-03-01", "revenue": 0, "runtime": 106, "title": "Saint Judy"}, {"belongs_to_collection": false, "budget": 0, "genres": ["Drama"], "id": 13697, "release_date": "1991-12-25", "revenue": 0, "runtime": 134, "title": "Grand Canyon"}, {"belongs_to_collection": false, "budget": 0, "genres": ["Drama"], "id": 19819, "release_date": "1994-02-18", "revenue": 0, "runtime": 108, "title": "Blue Chips"}, {"belongs_to_collection": false, "budget": 0, "genres": ["Drama"], "id": 426265, "release_date": "2017-01-24", "revenue": 0, "runtime": 105, "title": "Burning Sands"}, {"belongs_to_collection": false, "budget": 0, "genres": ["Drama"], "id": 581475, "release_date": "2019-03-08", "revenue": 0, "runtime": 90, "title": "Juanita"}, {"belongs_to_collection": false, "budget": 14000000, "genres": ["Comedy", "Drama"], "id": 34152, "release_date": "1994-05-13", "revenue": 0, "runtime": 115, "title": "Crooklyn"}, {"belongs_to_collection": false, "budget": 0, "genres": ["Drama", "Science Fiction", "Family", "TV Movie"], "id": 27874, "release_date": "2003-04-25", "revenue": 0, "runtime": 128, "title": "A Wrinkle in Time"}, {"belongs_to_collection": false, "budget": 0, "genres": ["Comedy", "Drama", "Romance"], "id": 24071, "release_date": "1999-09-24", "revenue": 0, "runtime": 112, "title": "Mumford"}, {"belongs_to_collection": false, "budget": 0, "genres": ["Drama", "Romance"], "release_date": "2008-09-12", "revenue": 0, "runtime": 111, "title": "The Family That Preys", "actors/actresses": ["Robin Givens", "Sanaa Lathan", "Taraji P. Henson"], "id": 15450}, {"belongs_to_collection": false, "budget": 0, "genres": ["Comedy", "Drama"], "id": 77434, "release_date": "2000-01-20", "revenue": 0, "runtime": 110, "title": "What's Cooking?"}]}, "Mo'Nique": {"ids": "60561", "results": [{"belongs_to_collection": false, "budget": 17000000, "genres": ["Comedy", "Drama"], "release_date": "2016-11-11", "revenue": 42487325, "runtime": 111, "title": "Almost Christmas", "actors/actresses": ["Gabrielle Union"], "id": 340402}, {"belongs_to_collection": false, "budget": 16000000, "genres": ["Crime", "Drama", "Romance", "Thriller"], "release_date": "2001-06-27", "revenue": 29381649, "runtime": 130, "title": "Baby Boy", "actors/actresses": ["Taraji P. Henson"], "id": 16161}, {"belongs_to_collection": false, "budget": 0, "genres": ["Drama", "Music", "TV Movie"], "release_date": "2015-05-16", "revenue": 0, "runtime": 107, "title": "Bessie", "actors/actresses": ["Queen Latifah"], "id": 330544}, {"belongs_to_collection": false, "budget": 35000000, "genres": ["Comedy", "Drama"], "id": 13490, "release_date": "2008-02-08", "revenue": 43650785, "runtime": 114, "title": "Welcome Home Roscoe Jenkins"}, {"belongs_to_collection": false, "budget": 10000000, "genres": ["Drama"], "release_date": "2009-11-06", "revenue": 47536959, "runtime": 110, "title": "Precious", "actors/actresses": ["Paula Patton"], "id": 25793}, {"belongs_to_collection": false, "budget": 0, "genres": ["Action", "Crime", "Drama", "Thriller"], "id": 9921, "release_date": "2005-09-09", "revenue": 0, "runtime": 93, "title": "Shadowboxer"}, {"belongs_to_collection": false, "budget": 0, "genres": ["Drama"], "id": 287322, "release_date": "2014-02-16", "revenue": 0, "runtime": 99, "title": "Blackbird"}, {"belongs_to_collection": false, "budget": 0, "genres": ["Comedy", "Drama"], "id": 61902, "release_date": "2003-01-22", "revenue": 0, "runtime": 119, "title": "Good Fences"}]}, "Solange": {"ids": "68609", "results": []}, "Jurnee Smollett-Bell": {"ids": "", "results": [{"belongs_to_collection": false, "budget": 0, "genres": ["Animation", "Action", "History", "Adventure", "Fantasy", "Drama"], "release_date": "2020-10-16", "revenue": 150026845, "runtime": 117, "title": "Demon Slayer: Kimetsu no Yaiba - The Movie: Mugen Train", "actors/actresses": ["Zo\u00ef\u00bf\u00bd Kravitz", "Beyonc\u00ef\u00bf\u00bd"], "id": 635302}, {"belongs_to_collection": false, "budget": 0, "genres": ["Science Fiction", "Thriller", "Drama"], "release_date": "2020-10-01", "revenue": 0, "runtime": 114, "title": "2067", "actors/actresses": ["Zo\u00ef\u00bf\u00bd Kravitz", "Beyonc\u00ef\u00bf\u00bd"], "id": 528085}, {"belongs_to_collection": false, "budget": 0, "genres": ["Action", "Thriller", "Adventure", "Drama"], "release_date": "2020-09-29", "revenue": 0, "runtime": 80, "title": "Welcome to Sudden Death", "actors/actresses": ["Zo\u00ef\u00bf\u00bd Kravitz", "Beyonc\u00ef\u00bf\u00bd"], "id": 741067}, {"belongs_to_collection": false, "budget": 21000000, "genres": ["Crime", "Drama", "Mystery"], "release_date": "2020-09-23", "revenue": 0, "runtime": 123, "title": "Enola Holmes", "actors/actresses": ["Zo\u00ef\u00bf\u00bd Kravitz", "Beyonc\u00ef\u00bf\u00bd"], "id": 497582}, {"belongs_to_collection": false, "budget": 200000000, "genres": ["Action", "Adventure", "Drama", "Fantasy"], "release_date": "2020-09-04", "revenue": 57000000, "runtime": 115, "title": "Mulan", "actors/actresses": ["Zo\u00ef\u00bf\u00bd Kravitz", "Beyonc\u00ef\u00bf\u00bd"], "id": 337401}, {"belongs_to_collection": false, "budget": 0, "genres": ["Action", "Crime", "Drama", "Thriller"], "release_date": "2020-07-02", "revenue": 2987741, "runtime": 96, "title": "Ava", "actors/actresses": ["Zo\u00ef\u00bf\u00bd Kravitz", "Beyonc\u00ef\u00bf\u00bd"], "id": 539885}, {"belongs_to_collection": false, "budget": 0, "genres": ["Action", "Adventure", "Drama", "Thriller"], "release_date": "2020-08-20", "revenue": 139757, "runtime": 106, "title": "Rogue", "actors/actresses": ["Zo\u00ef\u00bf\u00bd Kravitz", "Beyonc\u00ef\u00bf\u00bd"], "id": 718444}, {"belongs_to_collection": true, "budget": 0, "genres": ["Romance", "Drama"], "release_date": "2020-09-02", "revenue": 0, "runtime": 105, "title": "After We Collided", "actors/actresses": ["Zo\u00ef\u00bf\u00bd Kravitz", "Beyonc\u00ef\u00bf\u00bd"], "id": 613504}, {"belongs_to_collection": false, "budget": 30000000, "genres": ["Action", "Crime", "Drama"], "release_date": "2020-08-07", "revenue": 942666, "runtime": 95, "title": "The Tax Collector", "actors/actresses": ["Zo\u00ef\u00bf\u00bd Kravitz", "Beyonc\u00ef\u00bf\u00bd"], "id": 531499}, {"belongs_to_collection": false, "budget": 3268650, "genres": ["Drama", "Thriller"], "release_date": "2020-08-28", "revenue": 0, "runtime": 97, "title": "Unknown Origins", "actors/actresses": ["Zo\u00ef\u00bf\u00bd Kravitz", "Beyonc\u00ef\u00bf\u00bd"], "id": 438396}, {"belongs_to_collection": false, "budget": 0, "genres": ["Science Fiction", "Drama", "Fantasy", "Thriller"], "release_date": "2020-08-13", "revenue": 0, "runtime": 109, "title": "Archive", "actors/actresses": ["Zo\u00ef\u00bf\u00bd Kravitz", "Beyonc\u00ef\u00bf\u00bd"], "id": 606234}, {"belongs_to_collection": false, "budget": 0, "genres": ["Music", "Drama", "Romance"], "release_date": "2020-10-09", "revenue": 0, "runtime": 121, "title": "Clouds", "actors/actresses": ["Zo\u00ef\u00bf\u00bd Kravitz", "Beyonc\u00ef\u00bf\u00bd"], "id": 630566}, {"belongs_to_collection": false, "budget": 55000000, "genres": ["Crime", "Thriller", "Drama"], "release_date": "2019-10-02", "revenue": 1074251311, "runtime": 122, "title": "Joker", "actors/actresses": ["Zo\u00ef\u00bf\u00bd Kravitz", "Beyonc\u00ef\u00bf\u00bd"], "id": 475557}, {"belongs_to_collection": false, "budget": 0, "genres": ["Action", "Crime", "Drama", "Thriller"], "release_date": "2020-07-31", "revenue": 0, "runtime": 123, "title": "Cut Throat City", "actors/actresses": ["Kat Graham", "Zo\u00ef\u00bf\u00bd Kravitz", "Beyonc\u00ef\u00bf\u00bd"], "id": 493065}, {"belongs_to_collection": true, "budget": 0, "genres": ["Animation", "Action", "Drama", "Science Fiction"], "release_date": "2021-01-23", "revenue": 0, "runtime": 0, "title": "Evangelion: 3.0+1.0 Thrice Upon a Time", "actors/actresses": ["Zo\u00ef\u00bf\u00bd Kravitz", "Beyonc\u00ef\u00bf\u00bd"], "id": 283566}, {"belongs_to_collection": false, "budget": 110000000, "genres": ["Drama", "Fantasy", "Adventure", "Family"], "release_date": "2016-09-28", "revenue": 296482446, "runtime": 127, "title": "Miss Peregrine's Home for Peculiar Children", "actors/actresses": ["Zo\u00ef\u00bf\u00bd Kravitz", "Beyonc\u00ef\u00bf\u00bd"], "id": 283366}, {"belongs_to_collection": false, "budget": 0, "genres": ["Comedy", "Family", "Drama"], "release_date": "2020-08-27", "revenue": 8982106, "runtime": 94, "title": "The War with Grandpa", "actors/actresses": ["Zo\u00ef\u00bf\u00bd Kravitz", "Beyonc\u00ef\u00bf\u00bd"], "id": 425001}, {"belongs_to_collection": false, "budget": 50300000, "genres": ["War", "Action", "Drama"], "release_date": "2020-07-10", "revenue": 0, "runtime": 91, "title": "Greyhound", "actors/actresses": ["Zo\u00ef\u00bf\u00bd Kravitz", "Beyonc\u00ef\u00bf\u00bd"], "id": 516486}, {"belongs_to_collection": false, "budget": 0, "genres": ["Crime", "Thriller", "Drama"], "release_date": "2020-06-12", "revenue": 0, "runtime": 100, "title": "Infamous", "actors/actresses": ["Zo\u00ef\u00bf\u00bd Kravitz", "Beyonc\u00ef\u00bf\u00bd"], "id": 703134}, {"belongs_to_collection": false, "budget": 0, "genres": ["Drama", "Horror", "Thriller"], "release_date": "2020-10-22", "revenue": 0, "runtime": 86, "title": "Cadaver", "actors/actresses": ["Zo\u00ef\u00bf\u00bd Kravitz", "Beyonc\u00ef\u00bf\u00bd"], "id": 692969}]}, "Tika Sumpter": {"ids": "110742", "results": [{"belongs_to_collection": true, "budget": 0, "genres": ["Drama", "Music"], "id": 33473, "release_date": "2010-10-10", "revenue": 0, "runtime": 90, "title": "Stomp the Yard 2: Homecoming"}, {"belongs_to_collection": false, "budget": 0, "genres": ["Drama", "Music", "TV Movie"], "release_date": "2015-05-16", "revenue": 0, "runtime": 107, "title": "Bessie", "actors/actresses": ["Queen Latifah", "Mo'Nique"], "id": 330544}, {"belongs_to_collection": false, "budget": 0, "genres": ["Comedy", "Crime", "Drama"], "id": 429203, "release_date": "2018-09-27", "revenue": 11277120, "runtime": 93, "title": "The Old Man & the Gun"}, {"belongs_to_collection": false, "budget": 14000000, "genres": ["Drama", "Music"], "release_date": "2012-08-17", "revenue": 24637469, "runtime": 116, "title": "Sparkle", "actors/actresses": ["Whitney Houston"], "id": 88036}, {"belongs_to_collection": false, "budget": 30000000, "genres": ["Drama"], "id": 239566, "release_date": "2014-08-01", "revenue": 33448971, "runtime": 139, "title": "Get on Up"}, {"belongs_to_collection": false, "budget": 0, "genres": ["Thriller", "Drama"], "id": 553882, "release_date": "2018-10-13", "revenue": 0, "runtime": 102, "title": "An Acceptable Loss"}, {"belongs_to_collection": false, "budget": 1500000, "genres": ["Romance", "Drama"], "id": 310888, "release_date": "2016-08-26", "revenue": 6512004, "runtime": 80, "title": "Southside with You"}, {"belongs_to_collection": true, "budget": 47000000, "genres": ["Comedy", "Drama"], "id": 175555, "release_date": "2013-12-13", "revenue": 53396354, "runtime": 100, "title": "A Madea Christmas"}, {"belongs_to_collection": false, "budget": 0, "genres": ["Drama"], "id": 636846, "release_date": "2019-10-27", "revenue": 0, "runtime": 93, "title": "The Nomads"}]}, "Josephine Baker": {"ids": "1148018", "results": [{"belongs_to_collection": false, "budget": 0, "genres": ["Music", "Drama"], "id": 42508, "release_date": "1927-12-30", "revenue": 0, "runtime": 86, "title": "Siren of the Tropics"}, {"belongs_to_collection": false, "budget": 0, "genres": ["Drama", "Comedy"], "id": 93057, "release_date": "1935-11-02", "revenue": 0, "runtime": 77, "title": "Princess Tam Tam"}, {"belongs_to_collection": false, "budget": 0, "genres": ["Drama"], "id": 94703, "release_date": "1927-11-29", "revenue": 0, "runtime": 103, "title": "Parisian Pleasures"}]}, "Lonette McKee": {"ids": "62127", "results": [{"belongs_to_collection": false, "budget": 82343495, "genres": ["Drama"], "id": 11978, "release_date": "2000-09-13", "revenue": 48814909, "runtime": 129, "title": "Men of Honor"}, {"belongs_to_collection": true, "budget": 0, "genres": ["Comedy", "Drama", "Music"], "release_date": "2011-06-23", "revenue": 0, "runtime": 110, "title": "Honey 2", "actors/actresses": ["Kat Graham"], "id": 63710}, {"belongs_to_collection": false, "budget": 34000000, "genres": ["Drama", "History"], "release_date": "1992-11-18", "revenue": 48169908, "runtime": 202, "title": "Malcolm X", "actors/actresses": ["Angela Bassett"], "id": 1883}, {"belongs_to_collection": false, "budget": 58000000, "genres": ["Crime", "Drama"], "id": 2148, "release_date": "1984-12-14", "revenue": 25928721, "runtime": 127, "title": "The Cotton Club"}, {"belongs_to_collection": false, "budget": 25000000, "genres": ["Drama"], "id": 9469, "release_date": "1998-05-01", "revenue": 21567853, "runtime": 136, "title": "He Got Game"}, {"belongs_to_collection": false, "budget": 14000000, "genres": ["Drama", "Romance"], "release_date": "1991-06-07", "revenue": 32482682, "runtime": 132, "title": "Jungle Fever", "actors/actresses": ["Ruby Dee", "Halle Berry", "Queen Latifah"], "id": 1713}, {"belongs_to_collection": false, "budget": 0, "genres": ["Drama", "History"], "id": 28368, "release_date": "1987-05-05", "revenue": 5262047, "runtime": 111, "title": "Gardens of Stone"}, {"belongs_to_collection": false, "budget": 0, "genres": ["Drama", "Music"], "id": 21554, "release_date": "1976-04-07", "revenue": 0, "runtime": 98, "title": "Sparkle"}, {"belongs_to_collection": false, "budget": 0, "genres": ["Drama"], "id": 14670, "release_date": "1986-09-23", "revenue": 0, "runtime": 133, "title": "\u2019Round Midnight"}, {"belongs_to_collection": false, "budget": 0, "genres": ["Action", "Drama", "Romance", "Thriller", "Adventure", "War"], "id": 62001, "release_date": "1979-12-21", "revenue": 0, "runtime": 122, "title": "Cuba"}, {"belongs_to_collection": false, "budget": 0, "genres": ["Drama", "Crime"], "id": 91264, "release_date": "2001-01-20", "revenue": 0, "runtime": 85, "title": "Lift"}, {"belongs_to_collection": false, "budget": 0, "genres": ["Drama"], "id": 162660, "release_date": "1982-01-01", "revenue": 0, "runtime": 34, "title": "Illusions"}, {"belongs_to_collection": false, "budget": 0, "genres": ["Comedy", "Drama"], "id": 337213, "release_date": "2014-04-11", "revenue": 0, "runtime": 90, "title": "Against The Jab"}, {"belongs_to_collection": false, "budget": 0, "genres": ["Drama"], "id": 238972, "release_date": "1998-11-23", "revenue": 0, "runtime": 122, "title": "Blind Faith"}, {"belongs_to_collection": false, "budget": 0, "genres": ["Action", "Adventure", "Drama"], "id": 27056, "release_date": "1990-02-28", "revenue": 0, "runtime": 94, "title": "Dangerous Passion"}, {"belongs_to_collection": false, "budget": 0, "genres": ["Drama"], "id": 67271, "release_date": "2001-08-31", "revenue": 0, "runtime": 80, "title": "A Day in Black and White"}, {"belongs_to_collection": false, "budget": 0, "genres": ["Drama", "TV Movie"], "id": 714834, "release_date": "1988-07-13", "revenue": 0, "runtime": 60, "title": "Home Free"}]}, "Nicole Beharie": {"ids": "87243", "results": [{"belongs_to_collection": false, "budget": 6500000, "genres": ["Drama"], "id": 76025, "release_date": "2011-10-02", "revenue": 3909002, "runtime": 102, "title": "Shame"}, {"belongs_to_collection": false, "budget": 40000000, "genres": ["Drama"], "id": 109410, "release_date": "2013-04-12", "revenue": 95020213, "runtime": 128, "title": "42"}, {"belongs_to_collection": false, "budget": 40000000, "genres": ["Drama"], "id": 14325, "release_date": "2008-10-10", "revenue": 9793496, "runtime": 130, "title": "The Express"}, {"belongs_to_collection": false, "budget": 0, "genres": ["Drama"], "id": 489934, "release_date": "2018-09-22", "revenue": 0, "runtime": 96, "title": "Monsters and Men"}, {"belongs_to_collection": false, "budget": 0, "genres": ["Drama"], "id": 653668, "release_date": "2020-09-25", "revenue": 0, "runtime": 103, "title": "Miss Juneteenth"}, {"belongs_to_collection": false, "budget": 0, "genres": ["Drama"], "release_date": "2012-04-13", "revenue": 0, "runtime": 101, "title": "Woman Thou Art Loosed: On the 7th Day", "actors/actresses": ["Pam Grier", "Sharon Leal"], "id": 87822}, {"belongs_to_collection": false, "budget": 0, "genres": ["Drama"], "id": 21179, "release_date": "2008-08-28", "revenue": 0, "runtime": 103, "title": "American Violet"}, {"belongs_to_collection": false, "budget": 0, "genres": ["Drama"], "id": 58103, "release_date": "2010-02-21", "revenue": 0, "runtime": 90, "title": "Sins of the Mother"}, {"belongs_to_collection": false, "budget": 0, "genres": ["Drama"], "id": 79781, "release_date": "2012-03-09", "revenue": 0, "runtime": 98, "title": "The Last Fall"}, {"belongs_to_collection": false, "budget": 1000000, "genres": ["Comedy", "Drama", "Romance"], "id": 96534, "release_date": "2011-06-11", "revenue": 0, "runtime": 90, "title": "My Last Day Without You"}, {"belongs_to_collection": false, "budget": 0, "genres": ["Mystery", "Thriller", "Drama"], "id": 198365, "release_date": "2012-12-01", "revenue": 0, "runtime": 87, "title": "Apartment 4E"}]}, "Tasha Smith": {"ids": "74610", "results": [{"belongs_to_collection": false, "budget": 0, "genres": ["Drama", "Comedy", "History"], "id": 528888, "release_date": "2019-10-04", "revenue": 0, "runtime": 118, "title": "Dolemite Is My Name"}, {"belongs_to_collection": false, "budget": 0, "genres": ["Drama", "Thriller"], "release_date": "2014-10-10", "revenue": 0, "runtime": 105, "title": "Addicted", "actors/actresses": ["Kat Graham", "Sharon Leal"], "id": 235271}, {"belongs_to_collection": false, "budget": 20000000, "genres": ["Drama", "Comedy", "Mystery"], "release_date": "2006-03-31", "revenue": 21170563, "runtime": 105, "title": "ATL", "actors/actresses": ["Lauren London"], "id": 13960}, {"belongs_to_collection": false, "budget": 10000000, "genres": ["Comedy", "Drama", "Romance"], "release_date": "2007-02-14", "revenue": 31609243, "runtime": 100, "title": "Daddy's Little Girls", "actors/actresses": ["Gabrielle Union"], "id": 16555}, {"belongs_to_collection": true, "budget": 15000000, "genres": ["Comedy", "Drama"], "release_date": "2007-10-12", "revenue": 55184721, "runtime": 113, "title": "Why Did I Get Married?", "actors/actresses": ["Janet Jackson", "Sharon Leal"], "id": 17202}, {"belongs_to_collection": false, "budget": 0, "genres": ["Drama", "Family", "Comedy"], "release_date": "2008-08-22", "revenue": 0, "runtime": 94, "title": "The Longshots", "actors/actresses": ["Keke Palmer"], "id": 13579}, {"belongs_to_collection": true, "budget": 0, "genres": ["Drama", "Thriller"], "id": 57784, "release_date": "2006-10-03", "revenue": 0, "runtime": 94, "title": "Glass House: The Good Mother"}, {"belongs_to_collection": false, "budget": 0, "genres": ["Drama"], "id": 62576, "release_date": "2009-06-26", "revenue": 0, "runtime": 0, "title": "Pastor Brown"}, {"belongs_to_collection": false, "budget": 0, "genres": ["Drama"], "id": 751413, "release_date": "2017-04-24", "revenue": 0, "runtime": 90, "title": "Polaris"}, {"belongs_to_collection": false, "budget": 0, "genres": ["Drama"], "release_date": "2006-02-01", "revenue": 0, "runtime": 97, "title": "Miles from Home", "actors/actresses": ["Meagan Good"], "id": 296817}]}, "Malinda Williams": {"ids": "74612", "results": [{"belongs_to_collection": false, "budget": 10000000, "genres": ["Comedy", "Drama", "Romance"], "release_date": "2007-02-14", "revenue": 31609243, "runtime": 100, "title": "Daddy's Little Girls", "actors/actresses": ["Gabrielle Union", "Tasha Smith"], "id": 16555}, {"belongs_to_collection": false, "budget": 6000000, "genres": ["Comedy", "Drama", "Romance"], "release_date": "1999-07-16", "revenue": 25059640, "runtime": 106, "title": "The Wood", "actors/actresses": ["Sanaa Lathan"], "id": 16158}, {"belongs_to_collection": false, "budget": 0, "genres": ["Crime", "Drama", "Music"], "release_date": "2006-08-25", "revenue": 0, "runtime": 121, "title": "Idlewild", "actors/actresses": ["Cicely Tyson", "Paula Patton"], "id": 13816}, {"belongs_to_collection": true, "budget": 8000000, "genres": ["Comedy", "Drama", "Romance"], "id": 84165, "release_date": "2012-03-28", "revenue": 1653792, "runtime": 91, "title": "2 Days in New York"}, {"belongs_to_collection": false, "budget": 0, "genres": ["Drama", "Thriller"], "id": 27665, "release_date": "1999-06-01", "revenue": 170832, "runtime": 116, "title": "Uninvited Guest"}, {"belongs_to_collection": true, "budget": 0, "genres": ["Comedy", "Drama", "TV Movie"], "release_date": "2015-08-29", "revenue": 0, "runtime": 110, "title": "Girlfriends Getaway 2", "actors/actresses": ["Garcelle Beauvais"], "id": 410503}, {"belongs_to_collection": false, "budget": 0, "genres": ["Drama"], "id": 246850, "release_date": "2012-02-15", "revenue": 0, "runtime": 110, "title": "The Undershepherd"}, {"belongs_to_collection": false, "budget": 0, "genres": ["Drama", "TV Movie"], "id": 270596, "release_date": "2012-02-18", "revenue": 0, "runtime": 0, "title": "A Cross to Bear"}, {"belongs_to_collection": true, "budget": 1, "genres": ["Drama", "Comedy", "TV Movie"], "release_date": "2014-09-03", "revenue": 0, "runtime": 105, "title": "Girlfriends' Getaway", "actors/actresses": ["Garcelle Beauvais"], "id": 290282}, {"belongs_to_collection": false, "budget": 0, "genres": ["Drama", "Romance"], "id": 179050, "release_date": "2013-03-19", "revenue": 0, "runtime": 98, "title": "24 Hour Love"}, {"belongs_to_collection": false, "budget": 850000, "genres": ["Drama"], "id": 259389, "release_date": "2001-02-03", "revenue": 0, "runtime": 107, "title": "Dancing in September"}, {"belongs_to_collection": false, "budget": 0, "genres": ["Drama", "TV Movie"], "id": 617712, "release_date": "2019-07-21", "revenue": 0, "runtime": 90, "title": "Loved To Death"}]}, "Terri J. Vaughn": {"ids": "74613", "results": [{"belongs_to_collection": false, "budget": 10000000, "genres": ["Comedy", "Drama", "Romance"], "release_date": "2007-02-14", "revenue": 31609243, "runtime": 100, "title": "Daddy's Little Girls", "actors/actresses": ["Gabrielle Union", "Tasha Smith", "Malinda Williams"], "id": 16555}, {"belongs_to_collection": true, "budget": 0, "genres": ["Comedy", "Drama", "TV Movie"], "release_date": "2015-08-29", "revenue": 0, "runtime": 110, "title": "Girlfriends Getaway 2", "actors/actresses": ["Garcelle Beauvais", "Malinda Williams"], "id": 410503}, {"belongs_to_collection": true, "budget": 0, "genres": ["Drama", "Action"], "id": 86848, "release_date": "1995-08-29", "revenue": 0, "runtime": 88, "title": "Excessive Force II: Force on Force"}, {"belongs_to_collection": false, "budget": 0, "genres": ["Comedy", "Drama"], "id": 35857, "release_date": "2006-07-15", "revenue": 0, "runtime": 100, "title": "Dirty Laundry"}, {"belongs_to_collection": false, "budget": 0, "genres": ["Action", "Drama", "Thriller"], "id": 33622, "release_date": "2003-02-23", "revenue": 0, "runtime": 92, "title": "Detonator"}, {"belongs_to_collection": true, "budget": 1, "genres": ["Drama", "Comedy", "TV Movie"], "release_date": "2014-09-03", "revenue": 0, "runtime": 105, "title": "Girlfriends' Getaway", "actors/actresses": ["Garcelle Beauvais", "Malinda Williams"], "id": 290282}, {"belongs_to_collection": false, "budget": 0, "genres": ["Drama"], "id": 105785, "release_date": "2012-04-13", "revenue": 0, "runtime": 92, "title": "Life, Love, Soul"}, {"belongs_to_collection": false, "budget": 0, "genres": ["Drama"], "id": 273518, "release_date": "2013-01-01", "revenue": 0, "runtime": 70, "title": "Who Did I Marry?"}, {"belongs_to_collection": false, "budget": 0, "genres": ["TV Movie", "Drama"], "id": 268603, "release_date": "2014-05-07", "revenue": 0, "runtime": 90, "title": "Between Sisters"}, {"belongs_to_collection": false, "budget": 0, "genres": ["Drama"], "id": 689486, "release_date": "2015-09-21", "revenue": 0, "runtime": 145, "title": "Soul Ties"}]}, "Cassi Davis": {"ids": "80611", "results": [{"belongs_to_collection": true, "budget": 20000000, "genres": ["Comedy", "Horror", "Drama"], "id": 380124, "release_date": "2016-10-21", "revenue": 74827344, "runtime": 103, "title": "Boo! A Madea Halloween"}, {"belongs_to_collection": true, "budget": 6000000, "genres": ["Drama", "Comedy", "Romance"], "release_date": "2006-02-24", "revenue": 57231524, "runtime": 110, "title": "Madea's Family Reunion", "actors/actresses": ["Cicely Tyson", "Keke Palmer"], "id": 16781}, {"belongs_to_collection": true, "budget": 25000000, "genres": ["Comedy", "Drama"], "release_date": "2011-04-22", "revenue": 53213633, "runtime": 106, "title": "Madea's Big Happy Family", "actors/actresses": ["Lauren London", "Loretta Devine"], "id": 51017}, {"belongs_to_collection": false, "budget": 10000000, "genres": ["Comedy", "Drama", "Romance"], "release_date": "2007-02-14", "revenue": 31609243, "runtime": 100, "title": "Daddy's Little Girls", "actors/actresses": ["Gabrielle Union", "Tasha Smith", "Malinda Williams", "Terri J. Vaughn"], "id": 16555}, {"belongs_to_collection": false, "budget": 0, "genres": ["Comedy", "Drama", "Music"], "id": 36739, "release_date": "1988-02-12", "revenue": 0, "runtime": 121, "title": "School Daze"}, {"belongs_to_collection": false, "budget": 0, "genres": ["History", "Drama", "TV Movie"], "id": 205361, "release_date": "2001-02-24", "revenue": 0, "runtime": 118, "title": "Boycott"}, {"belongs_to_collection": false, "budget": 0, "genres": ["Drama"], "id": 294737, "release_date": "2014-04-08", "revenue": 0, "runtime": 85, "title": "Act of Faith"}, {"belongs_to_collection": false, "budget": 0, "genres": ["Comedy", "Drama", "Music"], "id": 309719, "release_date": "2004-01-01", "revenue": 0, "runtime": 124, "title": "He Say, She Say, But What Does God Say?"}]}, "Sierra Aylina McClain": {"ids": "80612", "results": [{"belongs_to_collection": true, "budget": 0, "genres": ["Drama", "Music"], "id": 515114, "release_date": "2018-04-03", "revenue": 0, "runtime": 100, "title": "Honey: Rise Up and Dance"}, {"belongs_to_collection": false, "budget": 10000000, "genres": ["Comedy", "Drama", "Romance"], "release_date": "2007-02-14", "revenue": 31609243, "runtime": 100, "title": "Daddy's Little Girls", "actors/actresses": ["Gabrielle Union", "Tasha Smith", "Malinda Williams", "Terri J. Vaughn", "Cassi Davis"], "id": 16555}]}, "China Anne McClain": {"ids": "80613", "results": [{"belongs_to_collection": false, "budget": 0, "genres": ["Action", "Crime", "Drama", "Thriller"], "id": 552858, "release_date": "2018-11-30", "revenue": 0, "runtime": 90, "title": "Blood Brother"}, {"belongs_to_collection": false, "budget": 10000000, "genres": ["Comedy", "Drama", "Romance"], "release_date": "2007-02-14", "revenue": 31609243, "runtime": 100, "title": "Daddy's Little Girls", "actors/actresses": ["Gabrielle Union", "Tasha Smith", "Malinda Williams", "Terri J. Vaughn", "Cassi Davis", "Sierra Aylina McClain"], "id": 16555}, {"belongs_to_collection": false, "budget": 143000, "genres": ["Drama"], "release_date": "2009-12-08", "revenue": 1000000, "runtime": 103, "title": "Hurricane Season", "actors/actresses": ["Taraji P. Henson"], "id": 32007}]}, "Lauryn Alisa McClain": {"ids": "80614", "results": [{"belongs_to_collection": false, "budget": 10000000, "genres": ["Comedy", "Drama", "Romance"], "release_date": "2007-02-14", "revenue": 31609243, "runtime": 100, "title": "Daddy's Little Girls", "actors/actresses": ["Gabrielle Union", "Tasha Smith", "Malinda Williams", "Terri J. Vaughn", "Cassi Davis", "Sierra Aylina McClain", "China Anne McClain"], "id": 16555}, {"belongs_to_collection": true, "budget": 0, "genres": ["Comedy", "Drama", "Romance"], "id": 399641, "release_date": "2016-09-17", "revenue": 0, "runtime": 108, "title": "BearCity 3"}]}, "Juanita Jennings": {"ids": "80615", "results": [{"belongs_to_collection": false, "budget": 60000000, "genres": ["Drama", "Thriller"], "id": 11329, "release_date": "2003-01-16", "revenue": 80154140, "runtime": 127, "title": "Runaway Jury"}, {"belongs_to_collection": false, "budget": 16000000, "genres": ["Crime", "Drama", "Romance", "Thriller"], "release_date": "2001-06-27", "revenue": 29381649, "runtime": 130, "title": "Baby Boy", "actors/actresses": ["Taraji P. Henson", "Mo'Nique"], "id": 16161}, {"belongs_to_collection": false, "budget": 10000000, "genres": ["Comedy", "Drama", "Romance"], "release_date": "2007-02-14", "revenue": 31609243, "runtime": 100, "title": "Daddy's Little Girls", "actors/actresses": ["Gabrielle Union", "Tasha Smith", "Malinda Williams", "Terri J. Vaughn", "Cassi Davis", "Sierra Aylina McClain", "China Anne McClain", "Lauryn Alisa McClain"], "id": 16555}, {"belongs_to_collection": false, "budget": 0, "genres": ["TV Movie", "Drama"], "release_date": "1994-01-16", "revenue": 0, "runtime": 100, "title": "Out of Darkness", "actors/actresses": ["Diana Ross"], "id": 117398}, {"belongs_to_collection": false, "budget": 0, "genres": ["Thriller", "TV Movie", "Drama"], "id": 132109, "release_date": "1993-11-30", "revenue": 0, "runtime": 92, "title": "Murder of Innocence"}, {"belongs_to_collection": false, "budget": 0, "genres": ["Crime", "Drama", "Mystery"], "id": 256177, "release_date": "1993-11-12", "revenue": 0, "runtime": 96, "title": "Jack Reed: Badge of Honour"}, {"belongs_to_collection": false, "budget": 0, "genres": ["Drama"], "id": 567693, "release_date": "1991-02-04", "revenue": 0, "runtime": 91, "title": "The Marla Hanson Story"}, {"belongs_to_collection": false, "budget": 0, "genres": ["Drama"], "id": 566929, "release_date": "1990-12-18", "revenue": 0, "runtime": 47, "title": "LifeStories: Steve Burdick"}]}, "Maria Howell": {"ids": "80616", "results": [{"belongs_to_collection": false, "budget": 29000000, "genres": ["Drama"], "id": 22881, "release_date": "2009-11-20", "revenue": 309208309, "runtime": 129, "title": "The Blind Side"}, {"belongs_to_collection": false, "budget": 25000000, "genres": ["Drama", "History"], "release_date": "2016-12-10", "revenue": 230698791, "runtime": 127, "title": "Hidden Figures", "actors/actresses": ["Taraji P. Henson", "Octavia Spencer"], "id": 381284}, {"belongs_to_collection": false, "budget": 0, "genres": ["Drama", "Thriller"], "release_date": "2014-10-10", "revenue": 0, "runtime": 105, "title": "Addicted", "actors/actresses": ["Kat Graham", "Sharon Leal", "Tasha Smith"], "id": 235271}, {"belongs_to_collection": false, "budget": 40000000, "genres": ["Romance", "Comedy", "Drama"], "id": 76494, "release_date": "2012-05-17", "revenue": 79700000, "runtime": 110, "title": "What to Expect When You're Expecting"}, {"belongs_to_collection": false, "budget": 15000000, "genres": ["Drama"], "release_date": "1985-12-18", "revenue": 146292009, "runtime": 154, "title": "The Color Purple", "actors/actresses": ["Oprah Winfrey", "Whoopi Goldberg"], "id": 873}, {"belongs_to_collection": false, "budget": 10000000, "genres": ["Comedy", "Drama", "Romance"], "release_date": "2007-02-14", "revenue": 31609243, "runtime": 100, "title": "Daddy's Little Girls", "actors/actresses": ["Gabrielle Union", "Tasha Smith", "Malinda Williams", "Terri J. Vaughn", "Cassi Davis", "Sierra Aylina McClain", "China Anne McClain", "Lauryn Alisa McClain", "Juanita Jennings"], "id": 16555}, {"belongs_to_collection": false, "budget": 20000000, "genres": ["Drama"], "id": 250538, "release_date": "2014-06-27", "revenue": 3396345, "runtime": 110, "title": "The Good Lie"}, {"belongs_to_collection": false, "budget": 0, "genres": ["Drama"], "id": 618830, "release_date": "2019-09-23", "revenue": 0, "runtime": 71, "title": "Homeless Ashes"}, {"belongs_to_collection": true, "budget": 0, "genres": ["Action", "Adventure", "Drama", "TV Movie"], "id": 222064, "release_date": "1993-03-13", "revenue": 0, "runtime": 90, "title": "The Adventures of Young Indiana Jones: Mystery of the Blues"}]}, "Donna Biscoe": {"ids": "582892", "results": [{"belongs_to_collection": false, "budget": 25000000, "genres": ["Drama", "History"], "release_date": "2016-12-10", "revenue": 230698791, "runtime": 127, "title": "Hidden Figures", "actors/actresses": ["Taraji P. Henson", "Octavia Spencer", "Maria Howell"], "id": 381284}, {"belongs_to_collection": false, "budget": 0, "genres": ["Drama"], "id": 467433, "release_date": "2017-09-29", "revenue": 2587072, "runtime": 104, "title": "A Question of Faith"}, {"belongs_to_collection": false, "budget": 0, "genres": ["Comedy", "Drama"], "id": 318121, "release_date": "2016-06-16", "revenue": 0, "runtime": 97, "title": "The Fundamentals of Caring"}, {"belongs_to_collection": false, "budget": 0, "genres": ["Drama", "History", "TV Movie"], "release_date": "2016-04-16", "revenue": 0, "runtime": 110, "title": "Confirmation", "actors/actresses": ["Jennifer Hudson", "Kerry Washington"], "id": 348390}, {"belongs_to_collection": true, "budget": 0, "genres": ["Thriller", "Horror", "Drama"], "id": 409056, "release_date": "2018-08-10", "revenue": 0, "runtime": 89, "title": "Along Came the Devil"}, {"belongs_to_collection": true, "budget": 800000, "genres": ["Drama", "Thriller", "Romance"], "id": 92384, "release_date": "2002-08-09", "revenue": 833779, "runtime": 0, "title": "Trois 2: Pandora's Box"}, {"belongs_to_collection": true, "budget": 0, "genres": ["Drama", "Thriller", "Romance"], "id": 96141, "release_date": "2004-12-28", "revenue": 0, "runtime": 0, "title": "Trois: The Escort"}, {"belongs_to_collection": true, "budget": 200000, "genres": ["Drama", "Thriller", "Romance"], "id": 77908, "release_date": "2000-02-11", "revenue": 1160268, "runtime": 93, "title": "Trois"}, {"belongs_to_collection": false, "budget": 0, "genres": ["TV Movie", "Drama", "Family"], "id": 57680, "release_date": "2000-06-19", "revenue": 0, "runtime": 85, "title": "The Simple Life Of Noah Dearborn"}, {"belongs_to_collection": false, "budget": 0, "genres": ["TV Movie", "Romance", "Drama"], "id": 521190, "release_date": "2018-04-28", "revenue": 0, "runtime": 90, "title": "The Beach House"}, {"belongs_to_collection": false, "budget": 0, "genres": ["Action", "Drama", "Thriller", "TV Movie"], "id": 311999, "release_date": "1992-05-11", "revenue": 0, "runtime": 96, "title": "In the Line of Duty: Street War"}, {"belongs_to_collection": false, "budget": 0, "genres": ["Drama"], "id": 340181, "release_date": "2014-06-21", "revenue": 0, "runtime": 0, "title": "Comeback Dad"}, {"belongs_to_collection": false, "budget": 0, "genres": ["Drama"], "id": 252305, "release_date": "1992-06-04", "revenue": 0, "runtime": 91, "title": "The Secret Passion of Robert Clayton"}]}, "Sasha the Diva": {"ids": "2709947", "results": []}, "Sharan C. Mansfield": {"ids": "1567592", "results": []}, "Demetria McKinney": {"ids": "479206", "results": [{"belongs_to_collection": false, "budget": 0, "genres": ["Drama", "Family", "Music", "TV Movie"], "id": 486760, "release_date": "2017-10-08", "revenue": 0, "runtime": 82, "title": "Bobbi Kristina"}, {"belongs_to_collection": false, "budget": 0, "genres": ["Drama", "Romance"], "id": 69768, "release_date": "2010-01-01", "revenue": 0, "runtime": 108, "title": "Breaking Up Is Hard to Do"}, {"belongs_to_collection": false, "budget": 0, "genres": ["Drama"], "release_date": "2012-01-31", "revenue": 0, "runtime": 131, "title": "Church Girl", "actors/actresses": ["Robin Givens"], "id": 130704}]}, "Joan Pringle": {"ids": "21144", "results": [{"belongs_to_collection": false, "budget": 0, "genres": ["Comedy", "Drama", "Romance"], "id": 45840, "release_date": "1982-12-17", "revenue": 0, "runtime": 116, "title": "Best Friends"}, {"belongs_to_collection": false, "budget": 0, "genres": ["TV Movie", "Drama", "Romance"], "release_date": "2006-02-05", "revenue": 0, "runtime": 90, "title": "For One Night", "actors/actresses": ["Aisha Tyler"], "id": 212067}, {"belongs_to_collection": false, "budget": 0, "genres": ["Drama", "Crime", "Thriller", "TV Movie"], "id": 84834, "release_date": "1973-10-13", "revenue": 0, "runtime": 75, "title": "Double Indemnity"}]}, "Faye Yvette McQueen": {"ids": "1454098", "results": [{"belongs_to_collection": false, "budget": 0, "genres": ["Drama"], "id": 247434, "release_date": "1999-01-17", "revenue": 0, "runtime": 94, "title": "Selma, Lord, Selma"}]}, "Jessica J. Immanuel": {"ids": "2303970", "results": [{"belongs_to_collection": false, "budget": 29000000, "genres": ["Drama"], "release_date": "2009-11-20", "revenue": 309208309, "runtime": 129, "title": "The Blind Side", "actors/actresses": ["Maria Howell"], "id": 22881}]}, "Towanda Underdue": {"ids": "", "results": [{"belongs_to_collection": false, "budget": 0, "genres": ["Animation", "Action", "History", "Adventure", "Fantasy", "Drama"], "release_date": "2020-10-16", "revenue": 150026845, "runtime": 117, "title": "Demon Slayer: Kimetsu no Yaiba - The Movie: Mugen Train", "actors/actresses": ["Zo\u00ef\u00bf\u00bd Kravitz", "Beyonc\u00ef\u00bf\u00bd", "Jurnee Smollett-Bell"], "id": 635302}, {"belongs_to_collection": false, "budget": 0, "genres": ["Science Fiction", "Thriller", "Drama"], "release_date": "2020-10-01", "revenue": 0, "runtime": 114, "title": "2067", "actors/actresses": ["Zo\u00ef\u00bf\u00bd Kravitz", "Beyonc\u00ef\u00bf\u00bd", "Jurnee Smollett-Bell"], "id": 528085}, {"belongs_to_collection": false, "budget": 0, "genres": ["Action", "Thriller", "Adventure", "Drama"], "release_date": "2020-09-29", "revenue": 0, "runtime": 80, "title": "Welcome to Sudden Death", "actors/actresses": ["Zo\u00ef\u00bf\u00bd Kravitz", "Beyonc\u00ef\u00bf\u00bd", "Jurnee Smollett-Bell"], "id": 741067}, {"belongs_to_collection": false, "budget": 21000000, "genres": ["Crime", "Drama", "Mystery"], "release_date": "2020-09-23", "revenue": 0, "runtime": 123, "title": "Enola Holmes", "actors/actresses": ["Zo\u00ef\u00bf\u00bd Kravitz", "Beyonc\u00ef\u00bf\u00bd", "Jurnee Smollett-Bell"], "id": 497582}, {"belongs_to_collection": false, "budget": 200000000, "genres": ["Action", "Adventure", "Drama", "Fantasy"], "release_date": "2020-09-04", "revenue": 57000000, "runtime": 115, "title": "Mulan", "actors/actresses": ["Zo\u00ef\u00bf\u00bd Kravitz", "Beyonc\u00ef\u00bf\u00bd", "Jurnee Smollett-Bell"], "id": 337401}, {"belongs_to_collection": false, "budget": 0, "genres": ["Action", "Crime", "Drama", "Thriller"], "release_date": "2020-07-02", "revenue": 2987741, "runtime": 96, "title": "Ava", "actors/actresses": ["Zo\u00ef\u00bf\u00bd Kravitz", "Beyonc\u00ef\u00bf\u00bd", "Jurnee Smollett-Bell"], "id": 539885}, {"belongs_to_collection": false, "budget": 0, "genres": ["Action", "Adventure", "Drama", "Thriller"], "release_date": "2020-08-20", "revenue": 139757, "runtime": 106, "title": "Rogue", "actors/actresses": ["Zo\u00ef\u00bf\u00bd Kravitz", "Beyonc\u00ef\u00bf\u00bd", "Jurnee Smollett-Bell"], "id": 718444}, {"belongs_to_collection": true, "budget": 0, "genres": ["Romance", "Drama"], "release_date": "2020-09-02", "revenue": 0, "runtime": 105, "title": "After We Collided", "actors/actresses": ["Zo\u00ef\u00bf\u00bd Kravitz", "Beyonc\u00ef\u00bf\u00bd", "Jurnee Smollett-Bell"], "id": 613504}, {"belongs_to_collection": false, "budget": 30000000, "genres": ["Action", "Crime", "Drama"], "release_date": "2020-08-07", "revenue": 942666, "runtime": 95, "title": "The Tax Collector", "actors/actresses": ["Zo\u00ef\u00bf\u00bd Kravitz", "Beyonc\u00ef\u00bf\u00bd", "Jurnee Smollett-Bell"], "id": 531499}, {"belongs_to_collection": false, "budget": 3268650, "genres": ["Drama", "Thriller"], "release_date": "2020-08-28", "revenue": 0, "runtime": 97, "title": "Unknown Origins", "actors/actresses": ["Zo\u00ef\u00bf\u00bd Kravitz", "Beyonc\u00ef\u00bf\u00bd", "Jurnee Smollett-Bell"], "id": 438396}, {"belongs_to_collection": false, "budget": 0, "genres": ["Science Fiction", "Drama", "Fantasy", "Thriller"], "release_date": "2020-08-13", "revenue": 0, "runtime": 109, "title": "Archive", "actors/actresses": ["Zo\u00ef\u00bf\u00bd Kravitz", "Beyonc\u00ef\u00bf\u00bd", "Jurnee Smollett-Bell"], "id": 606234}, {"belongs_to_collection": false, "budget": 0, "genres": ["Music", "Drama", "Romance"], "release_date": "2020-10-09", "revenue": 0, "runtime": 121, "title": "Clouds", "actors/actresses": ["Zo\u00ef\u00bf\u00bd Kravitz", "Beyonc\u00ef\u00bf\u00bd", "Jurnee Smollett-Bell"], "id": 630566}, {"belongs_to_collection": false, "budget": 55000000, "genres": ["Crime", "Thriller", "Drama"], "release_date": "2019-10-02", "revenue": 1074251311, "runtime": 122, "title": "Joker", "actors/actresses": ["Zo\u00ef\u00bf\u00bd Kravitz", "Beyonc\u00ef\u00bf\u00bd", "Jurnee Smollett-Bell"], "id": 475557}, {"belongs_to_collection": false, "budget": 0, "genres": ["Action", "Crime", "Drama", "Thriller"], "release_date": "2020-07-31", "revenue": 0, "runtime": 123, "title": "Cut Throat City", "actors/actresses": ["Kat Graham", "Zo\u00ef\u00bf\u00bd Kravitz", "Beyonc\u00ef\u00bf\u00bd", "Jurnee Smollett-Bell"], "id": 493065}, {"belongs_to_collection": true, "budget": 0, "genres": ["Animation", "Action", "Drama", "Science Fiction"], "release_date": "2021-01-23", "revenue": 0, "runtime": 0, "title": "Evangelion: 3.0+1.0 Thrice Upon a Time", "actors/actresses": ["Zo\u00ef\u00bf\u00bd Kravitz", "Beyonc\u00ef\u00bf\u00bd", "Jurnee Smollett-Bell"], "id": 283566}, {"belongs_to_collection": false, "budget": 110000000, "genres": ["Drama", "Fantasy", "Adventure", "Family"], "release_date": "2016-09-28", "revenue": 296482446, "runtime": 127, "title": "Miss Peregrine's Home for Peculiar Children", "actors/actresses": ["Zo\u00ef\u00bf\u00bd Kravitz", "Beyonc\u00ef\u00bf\u00bd", "Jurnee Smollett-Bell"], "id": 283366}, {"belongs_to_collection": false, "budget": 0, "genres": ["Comedy", "Family", "Drama"], "release_date": "2020-08-27", "revenue": 8982106, "runtime": 94, "title": "The War with Grandpa", "actors/actresses": ["Zo\u00ef\u00bf\u00bd Kravitz", "Beyonc\u00ef\u00bf\u00bd", "Jurnee Smollett-Bell"], "id": 425001}, {"belongs_to_collection": false, "budget": 50300000, "genres": ["War", "Action", "Drama"], "release_date": "2020-07-10", "revenue": 0, "runtime": 91, "title": "Greyhound", "actors/actresses": ["Zo\u00ef\u00bf\u00bd Kravitz", "Beyonc\u00ef\u00bf\u00bd", "Jurnee Smollett-Bell"], "id": 516486}, {"belongs_to_collection": false, "budget": 0, "genres": ["Crime", "Thriller", "Drama"], "release_date": "2020-06-12", "revenue": 0, "runtime": 100, "title": "Infamous", "actors/actresses": ["Zo\u00ef\u00bf\u00bd Kravitz", "Beyonc\u00ef\u00bf\u00bd", "Jurnee Smollett-Bell"], "id": 703134}, {"belongs_to_collection": false, "budget": 0, "genres": ["Drama", "Horror", "Thriller"], "release_date": "2020-10-22", "revenue": 0, "runtime": 86, "title": "Cadaver", "actors/actresses": ["Zo\u00ef\u00bf\u00bd Kravitz", "Beyonc\u00ef\u00bf\u00bd", "Jurnee Smollett-Bell"], "id": 692969}]}, "Cindy Herron": {"ids": "1212699", "results": [{"belongs_to_collection": false, "budget": 0, "genres": ["Music", "Drama", "TV Movie"], "id": 308688, "release_date": "2014-11-14", "revenue": 0, "runtime": 90, "title": "An En Vogue Christmas"}, {"belongs_to_collection": false, "budget": 0, "genres": ["Drama", "Action"], "id": 216609, "release_date": "2004-04-13", "revenue": 0, "runtime": 99, "title": "If Love Hadn't Left Me Lonely"}]}, "LaTanya Richardson Jackson": {"ids": "61010", "results": [{"belongs_to_collection": false, "budget": 21000000, "genres": ["Comedy", "Drama", "Romance"], "id": 858, "release_date": "1993-06-24", "revenue": 227799884, "runtime": 105, "title": "Sleepless in Seattle"}, {"belongs_to_collection": false, "budget": 34000000, "genres": ["Drama", "History"], "release_date": "1992-11-18", "revenue": 48169908, "runtime": 202, "title": "Malcolm X", "actors/actresses": ["Angela Bassett", "Lonette McKee"], "id": 1883}, {"belongs_to_collection": false, "budget": 0, "genres": ["Drama", "Romance"], "id": 10449, "release_date": "1994-04-29", "revenue": 50021959, "runtime": 126, "title": "When a Man Loves a Woman"}, {"belongs_to_collection": false, "budget": 5000000, "genres": ["Drama", "Mystery", "Romance"], "id": 26748, "release_date": "1996-06-21", "revenue": 13269963, "runtime": 135, "title": "Lone Star"}, {"belongs_to_collection": false, "budget": 37665000, "genres": ["Drama", "Thriller", "Crime", "Mystery"], "id": 9959, "release_date": "2006-02-17", "revenue": 14655628, "runtime": 113, "title": "Freedomland"}, {"belongs_to_collection": false, "budget": 7000000, "genres": ["Drama", "Romance"], "release_date": "2009-11-07", "revenue": 0, "runtime": 125, "title": "Mother and Child", "actors/actresses": ["Kerry Washington"], "id": 37080}, {"belongs_to_collection": false, "budget": 11000000, "genres": ["Drama", "Comedy"], "release_date": "1991-12-27", "revenue": 119418501, "runtime": 130, "title": "Fried Green Tomatoes", "actors/actresses": ["Cicely Tyson"], "id": 1633}, {"belongs_to_collection": false, "budget": 0, "genres": ["Drama"], "release_date": "2019-03-08", "revenue": 0, "runtime": 90, "title": "Juanita", "actors/actresses": ["Alfre Woodard"], "id": 581475}, {"belongs_to_collection": false, "budget": 0, "genres": ["Drama"], "id": 2007, "release_date": "1992-12-30", "revenue": 7286388, "runtime": 135, "title": "Lorenzo's Oil"}, {"belongs_to_collection": false, "budget": 17000000, "genres": ["Drama"], "release_date": "1995-03-17", "revenue": 7603766, "runtime": 106, "title": "Losing Isaiah", "actors/actresses": ["Halle Berry"], "id": 28313}, {"belongs_to_collection": false, "budget": 0, "genres": ["Drama"], "release_date": "1999-08-21", "revenue": 0, "runtime": 120, "title": "Introducing Dorothy Dandridge", "actors/actresses": ["Halle Berry", "Loretta Devine"], "id": 54982}, {"belongs_to_collection": false, "budget": 500000, "genres": ["Drama", "Thriller"], "id": 55139, "release_date": "1997-10-31", "revenue": 0, "runtime": 109, "title": "Loved"}, {"belongs_to_collection": false, "budget": 0, "genres": ["Drama", "Thriller"], "id": 233120, "release_date": "1996-04-10", "revenue": 0, "runtime": 120, "title": "The Deliverance of Elaine"}, {"belongs_to_collection": false, "budget": 0, "genres": ["Drama"], "id": 132082, "release_date": "2001-08-20", "revenue": 0, "runtime": 100, "title": "Within These Walls"}, {"belongs_to_collection": false, "budget": 0, "genres": ["Drama", "TV Movie"], "id": 109708, "release_date": "2006-01-29", "revenue": 0, "runtime": 100, "title": "The Water Is Wide"}, {"belongs_to_collection": false, "budget": 0, "genres": ["Drama"], "id": 372719, "release_date": "1992-02-08", "revenue": 0, "runtime": 95, "title": "The Nightman"}]}, "Kyla Pratt": {"ids": "31031", "results": [{"belongs_to_collection": false, "budget": 20000000, "genres": ["Action", "Comedy", "Drama", "Romance"], "release_date": "2000-04-21", "revenue": 27728118, "runtime": 124, "title": "Love & Basketball", "actors/actresses": ["Regina Hall", "Tyra Banks", "Sanaa Lathan", "Gabrielle Union", "Alfre Woodard"], "id": 14736}, {"belongs_to_collection": false, "budget": 50000000, "genres": ["Action", "Drama", "Thriller"], "id": 9770, "release_date": "1997-11-07", "revenue": 10541523, "runtime": 114, "title": "Mad City"}, {"belongs_to_collection": false, "budget": 0, "genres": ["Comedy", "Drama", "Family"], "id": 48287, "release_date": "1995-08-18", "revenue": 0, "runtime": 94, "title": "The Baby-Sitters Club"}, {"belongs_to_collection": false, "budget": 0, "genres": ["Thriller", "Drama"], "release_date": "2016-07-10", "revenue": 0, "runtime": 60, "title": "The Secret She Kept", "actors/actresses": ["Vanessa Lynn Williams", "Vanessa Williams"], "id": 411300}, {"belongs_to_collection": false, "budget": 0, "genres": ["Action", "Drama", "Crime"], "id": 290049, "release_date": "1996-02-04", "revenue": 0, "runtime": 92, "title": "Hijacked: Flight 285"}]}, "Debbi Morgan": {"ids": "88161", "results": [{"belongs_to_collection": false, "budget": 1300000, "genres": ["Crime", "Drama"], "id": 103, "release_date": "1976-02-09", "revenue": 28262574, "runtime": 114, "title": "Taxi Driver"}, {"belongs_to_collection": false, "budget": 30000000, "genres": ["Drama"], "release_date": "2005-01-14", "revenue": 76669806, "runtime": 136, "title": "Coach Carter", "actors/actresses": ["Octavia Spencer"], "id": 7214}, {"belongs_to_collection": false, "budget": 50000000, "genres": ["Drama"], "id": 10400, "release_date": "1999-09-17", "revenue": 73956241, "runtime": 146, "title": "The Hurricane"}, {"belongs_to_collection": false, "budget": 20000000, "genres": ["Action", "Comedy", "Drama", "Romance"], "release_date": "2000-04-21", "revenue": 27728118, "runtime": 124, "title": "Love & Basketball", "actors/actresses": ["Regina Hall", "Tyra Banks", "Sanaa Lathan", "Gabrielle Union", "Alfre Woodard", "Kyla Pratt"], "id": 14736}, {"belongs_to_collection": true, "budget": 0, "genres": ["History", "Action", "Romance", "Drama"], "id": 38027, "release_date": "1975-06-06", "revenue": 0, "runtime": 127, "title": "Mandingo"}, {"belongs_to_collection": false, "budget": 0, "genres": ["Drama", "Music", "TV Movie"], "id": 379297, "release_date": "2016-01-23", "revenue": 0, "runtime": 85, "title": "Toni Braxton: Unbreak My Heart"}, {"belongs_to_collection": false, "budget": 0, "genres": ["Drama"], "release_date": "1997-11-07", "revenue": 0, "runtime": 109, "title": "Eve's Bayou", "actors/actresses": ["Diahann Carroll", "Meagan Good"], "id": 45153}, {"belongs_to_collection": false, "budget": 0, "genres": ["Crime", "Drama"], "release_date": "2005-05-24", "revenue": 0, "runtime": 103, "title": "Back in the Day", "actors/actresses": ["Pam Grier"], "id": 27592}, {"belongs_to_collection": false, "budget": 0, "genres": ["Crime", "Drama", "Mystery", "TV Movie"], "id": 228257, "release_date": "1992-03-01", "revenue": 0, "runtime": 91, "title": "Perry Mason: The Case of the Fatal Framing"}, {"belongs_to_collection": false, "budget": 0, "genres": ["Drama", "Thriller", "Mystery", "Romance"], "id": 22045, "release_date": "1998-11-06", "revenue": 0, "runtime": 101, "title": "Asunder"}, {"belongs_to_collection": false, "budget": 3000000, "genres": ["Drama"], "id": 44634, "release_date": "2004-09-30", "revenue": 6804016, "runtime": 94, "title": "Woman Thou Art Loosed"}, {"belongs_to_collection": false, "budget": 0, "genres": ["Drama"], "id": 309666, "release_date": "1979-05-20", "revenue": 0, "runtime": 100, "title": "Love's Savage Fury"}, {"belongs_to_collection": false, "budget": 0, "genres": ["Drama", "TV Movie"], "id": 220390, "release_date": "1987-02-03", "revenue": 0, "runtime": 100, "title": "Guilty of Innocence: The Lenell Geter Story"}, {"belongs_to_collection": false, "budget": 0, "genres": ["Drama", "History", "TV Movie"], "id": 444978, "release_date": "1981-01-28", "revenue": 0, "runtime": 97, "title": "Thornwell"}]}, "Shar Jackson": {"ids": "1214849", "results": []}, "Erika Ringor": {"ids": "150062", "results": [{"belongs_to_collection": false, "budget": 0, "genres": ["Drama", "Romance"], "id": 56743, "release_date": "2010-06-25", "revenue": 0, "runtime": 111, "title": "Elena Undone"}, {"belongs_to_collection": false, "budget": 7000000, "genres": ["Romance", "Drama"], "release_date": "2014-09-10", "revenue": 14618727, "runtime": 116, "title": "Beyond the Lights", "actors/actresses": ["Gugu Mbatha-Raw"], "id": 241771}, {"belongs_to_collection": false, "budget": 20000000, "genres": ["Action", "Comedy", "Drama", "Romance"], "release_date": "2000-04-21", "revenue": 27728118, "runtime": 124, "title": "Love & Basketball", "actors/actresses": ["Regina Hall", "Tyra Banks", "Sanaa Lathan", "Gabrielle Union", "Alfre Woodard", "Kyla Pratt", "Debbi Morgan"], "id": 14736}, {"belongs_to_collection": false, "budget": 0, "genres": ["Comedy", "Drama"], "id": 522293, "release_date": "2018-03-15", "revenue": 0, "runtime": 78, "title": "Hibiscus - Death is not the End"}]}, "Kara Bustos": {"ids": "1229910", "results": []}, "Monica Calhoun": {"ids": "32646", "results": [{"belongs_to_collection": false, "budget": 20000000, "genres": ["Action", "Comedy", "Drama", "Romance"], "release_date": "2000-04-21", "revenue": 27728118, "runtime": 124, "title": "Love & Basketball", "actors/actresses": ["Regina Hall", "Tyra Banks", "Sanaa Lathan", "Gabrielle Union", "Alfre Woodard", "Kyla Pratt", "Debbi Morgan", "Erika Ringor"], "id": 14736}, {"belongs_to_collection": true, "budget": 9000000, "genres": ["Drama", "Comedy"], "release_date": "1999-10-22", "revenue": 34573780, "runtime": 120, "title": "The Best Man", "actors/actresses": ["Regina Hall", "Sanaa Lathan", "Nia Long"], "id": 16162}, {"belongs_to_collection": false, "budget": 4500000, "genres": ["Comedy", "Drama"], "id": 19848, "release_date": "1998-04-08", "revenue": 23261485, "runtime": 104, "title": "The Players Club"}, {"belongs_to_collection": false, "budget": 0, "genres": ["Comedy", "Drama"], "id": 3543, "release_date": "1987-11-12", "revenue": 3587303, "runtime": 95, "title": "Bagdad Cafe"}, {"belongs_to_collection": false, "budget": 500000, "genres": ["Crime", "Drama", "Thriller"], "id": 30246, "release_date": "2003-08-29", "revenue": 243347, "runtime": 95, "title": "Civil Brand"}, {"belongs_to_collection": true, "budget": 800000, "genres": ["Drama", "Thriller", "Romance"], "release_date": "2002-08-09", "revenue": 833779, "runtime": 0, "title": "Trois 2: Pandora's Box", "actors/actresses": ["Donna Biscoe"], "id": 92384}, {"belongs_to_collection": true, "budget": 0, "genres": ["Western", "Action", "Drama"], "release_date": "2003-10-10", "revenue": 0, "runtime": 94, "title": "Gang of Roses", "actors/actresses": ["Stacey Dash"], "id": 66667}, {"belongs_to_collection": false, "budget": 0, "genres": ["Drama"], "release_date": "2002-01-01", "revenue": 0, "runtime": 83, "title": "Truth Be Told", "actors/actresses": ["Regina King"], "id": 393313}, {"belongs_to_collection": false, "budget": 0, "genres": ["Drama"], "id": 441776, "release_date": "1993-01-17", "revenue": 0, "runtime": 101, "title": "The Ernest Green Story"}, {"belongs_to_collection": false, "budget": 0, "genres": ["Drama", "Comedy", "Romance"], "id": 74022, "release_date": "2005-03-01", "revenue": 0, "runtime": 135, "title": "Friends and Lovers"}, {"belongs_to_collection": false, "budget": 0, "genres": ["Drama"], "id": 180708, "release_date": "2004-05-12", "revenue": 0, "runtime": 104, "title": "Justice"}, {"belongs_to_collection": false, "budget": 0, "genres": ["Drama"], "id": 607590, "release_date": "1998-08-06", "revenue": 0, "runtime": 106, "title": "Park Day"}, {"belongs_to_collection": false, "budget": 0, "genres": ["Drama", "Comedy", "Romance"], "id": 713986, "release_date": "2019-08-22", "revenue": 0, "runtime": 110, "title": "Everything But a Man"}, {"belongs_to_collection": false, "budget": 0, "genres": ["Drama"], "release_date": "2009-01-27", "revenue": 0, "runtime": 113, "title": "Diary of a Single Mom", "actors/actresses": ["Diahann Carroll"], "id": 111595}]}, "Gina Ravera": {"ids": "77279", "results": [{"belongs_to_collection": true, "budget": 45000000, "genres": ["Drama"], "id": 10802, "release_date": "1995-09-22", "revenue": 20350754, "runtime": 131, "title": "Showgirls"}, {"belongs_to_collection": true, "budget": 27000000, "genres": ["Drama", "Mystery", "Thriller", "Crime"], "id": 9437, "release_date": "1997-09-29", "revenue": 60527873, "runtime": 115, "title": "Kiss the Girls"}, {"belongs_to_collection": false, "budget": 15000000, "genres": ["Drama"], "id": 14047, "release_date": "2007-12-27", "revenue": 30226144, "runtime": 126, "title": "The Great Debaters"}, {"belongs_to_collection": false, "budget": 2400000, "genres": ["Drama"], "id": 49471, "release_date": "1996-10-16", "revenue": 5731103, "runtime": 120, "title": "Get on the Bus"}, {"belongs_to_collection": false, "budget": 0, "genres": ["Comedy", "Drama"], "release_date": "1997-09-26", "revenue": 0, "runtime": 114, "title": "Soul Food", "actors/actresses": ["Vivica A. Fox", "Nia Long", "Vanessa Lynn Williams", "Vanessa Williams"], "id": 29461}, {"belongs_to_collection": false, "budget": 0, "genres": ["History", "Drama"], "id": 74942, "release_date": "1996-04-20", "revenue": 0, "runtime": 94, "title": "Soul of the Game"}, {"belongs_to_collection": false, "budget": 0, "genres": ["Romance", "Drama"], "id": 218183, "release_date": "2000-10-21", "revenue": 0, "runtime": null, "title": "Rhapsody"}]}, "Irma P. Hall": {"ids": "43853", "results": [{"belongs_to_collection": false, "budget": 65000000, "genres": ["Drama", "Crime", "Thriller"], "release_date": "2004-08-04", "revenue": 217764291, "runtime": 120, "title": "Collateral", "actors/actresses": ["Jada Pinkett Smith"], "id": 1538}, {"belongs_to_collection": false, "budget": 50000000, "genres": ["Comedy", "Drama"], "id": 10312, "release_date": "1998-12-25", "revenue": 202292902, "runtime": 115, "title": "Patch Adams"}, {"belongs_to_collection": false, "budget": 25000000, "genres": ["Drama", "Crime"], "id": 11699, "release_date": "2009-05-21", "revenue": 10589102, "runtime": 122, "title": "The Bad Lieutenant: Port of Call - New Orleans"}, {"belongs_to_collection": true, "budget": 75000000, "genres": ["Crime", "Drama", "Thriller"], "id": 2924, "release_date": "1991-05-24", "revenue": 152368585, "runtime": 137, "title": "Backdraft"}, {"belongs_to_collection": false, "budget": 0, "genres": ["Comedy", "Drama", "Romance"], "release_date": "2008-03-21", "revenue": 41939392, "runtime": 100, "title": "Meet the Browns", "actors/actresses": ["Angela Bassett"], "id": 16710}, {"belongs_to_collection": false, "budget": 35000000, "genres": ["Crime", "Drama", "Mystery", "Thriller"], "id": 8197, "release_date": "1997-11-21", "revenue": 25105255, "runtime": 155, "title": "Midnight in the Garden of Good and Evil"}, {"belongs_to_collection": false, "budget": 0, "genres": ["Drama", "Thriller"], "release_date": "1998-10-16", "revenue": 0, "runtime": 172, "title": "Beloved", "actors/actresses": ["Thandie Newton", "Oprah Winfrey"], "id": 39437}, {"belongs_to_collection": false, "budget": 0, "genres": ["Crime", "Drama", "Thriller"], "release_date": "2009-12-11", "revenue": 0, "runtime": 91, "title": "My Son, My Son, What Have Ye Done", "actors/actresses": ["Loretta Devine"], "id": 44027}, {"belongs_to_collection": false, "budget": 0, "genres": ["Comedy", "Drama"], "release_date": "1997-09-26", "revenue": 0, "runtime": 114, "title": "Soul Food", "actors/actresses": ["Vivica A. Fox", "Nia Long", "Vanessa Lynn Williams", "Vanessa Williams", "Gina Ravera"], "id": 29461}, {"belongs_to_collection": false, "budget": 0, "genres": ["Drama", "Romance"], "id": 444951, "release_date": "2016-10-28", "revenue": 0, "runtime": 90, "title": "New Life"}, {"belongs_to_collection": false, "budget": 0, "genres": ["Comedy", "Drama"], "id": 36790, "release_date": "2008-01-01", "revenue": 0, "runtime": 0, "title": "Uncross The Stars"}, {"belongs_to_collection": false, "budget": 0, "genres": ["Comedy", "Drama"], "id": 41852, "release_date": "1996-03-29", "revenue": 0, "runtime": 109, "title": "A Family Thing"}, {"belongs_to_collection": false, "budget": 0, "genres": ["Drama"], "id": 52777, "release_date": "1982-11-04", "revenue": 263635, "runtime": 111, "title": "Split Image"}, {"belongs_to_collection": false, "budget": 0, "genres": ["Drama", "TV Movie"], "id": 125233, "release_date": "2003-03-24", "revenue": 0, "runtime": 90, "title": "An Unexpected Love"}, {"belongs_to_collection": false, "budget": 143000, "genres": ["Drama"], "release_date": "2009-12-08", "revenue": 1000000, "runtime": 103, "title": "Hurricane Season", "actors/actresses": ["Taraji P. Henson", "China Anne McClain"], "id": 32007}, {"belongs_to_collection": false, "budget": 0, "genres": ["Drama"], "id": 216891, "release_date": "2012-09-28", "revenue": 0, "runtime": 0, "title": "Hiding in Plain Sight"}, {"belongs_to_collection": false, "budget": 0, "genres": ["Drama", "Romance"], "id": 79615, "release_date": "1987-03-01", "revenue": 225358, "runtime": 112, "title": "Square Dance"}, {"belongs_to_collection": false, "budget": 0, "genres": ["TV Movie", "Drama"], "release_date": "1999-05-22", "revenue": 0, "runtime": 101, "title": "A Lesson Before Dying", "actors/actresses": ["Cicely Tyson"], "id": 50299}, {"belongs_to_collection": false, "budget": 0, "genres": ["Music", "Drama"], "id": 102242, "release_date": "2000-06-10", "revenue": 0, "runtime": 87, "title": "Something to Sing About"}, {"belongs_to_collection": false, "budget": 0, "genres": ["TV Movie", "Drama"], "id": 277248, "release_date": "2002-12-08", "revenue": 0, "runtime": null, "title": "Miss Lettie and Me"}]}, "Marcia Wright": {"ids": "1631215", "results": [{"belongs_to_collection": false, "budget": 23000000, "genres": ["Crime", "Drama"], "release_date": "2018-10-19", "revenue": 34934009, "runtime": 133, "title": "The Hate U Give", "actors/actresses": ["Regina Hall"], "id": 470044}, {"belongs_to_collection": true, "budget": 12000000, "genres": ["Comedy", "Drama"], "release_date": "2002-04-01", "revenue": 75781642, "runtime": 102, "title": "Barbershop", "actors/actresses": ["Eve Jihan Jeffers"], "id": 10611}, {"belongs_to_collection": true, "budget": 20000000, "genres": ["Comedy", "Drama"], "release_date": "2016-04-15", "revenue": 55030051, "runtime": 112, "title": "Barbershop: The Next Cut", "actors/actresses": ["Regina Hall", "Garcelle Beauvais", "Eve Jihan Jeffers"], "id": 326423}, {"belongs_to_collection": true, "budget": 18000000, "genres": ["Comedy", "Drama"], "release_date": "2004-01-20", "revenue": 65070412, "runtime": 106, "title": "Barbershop 2: Back in Business", "actors/actresses": ["Keke Palmer", "Garcelle Beauvais", "Queen Latifah", "Eve Jihan Jeffers"], "id": 21301}, {"belongs_to_collection": false, "budget": 0, "genres": ["Comedy", "Drama"], "release_date": "1997-09-26", "revenue": 0, "runtime": 114, "title": "Soul Food", "actors/actresses": ["Vivica A. Fox", "Nia Long", "Vanessa Lynn Williams", "Vanessa Williams", "Gina Ravera", "Irma P. Hall"], "id": 29461}, {"belongs_to_collection": false, "budget": 0, "genres": ["Drama", "Romance"], "id": 15155, "release_date": "2002-05-10", "revenue": 3020784, "runtime": 96, "title": "G"}]}, "Isley Nicole Melton": {"ids": "366458", "results": [{"belongs_to_collection": false, "budget": 0, "genres": ["Drama", "Crime"], "id": 78451, "release_date": "2001-11-06", "revenue": 0, "runtime": 90, "title": "Three 6 Mafia: Choices"}]}, "Nicole Ari Parker": {"ids": "74615", "results": [{"belongs_to_collection": false, "budget": 17000000, "genres": ["Comedy", "Drama"], "release_date": "2016-11-11", "revenue": 42487325, "runtime": 111, "title": "Almost Christmas", "actors/actresses": ["Gabrielle Union", "Mo'Nique"], "id": 340402}, {"belongs_to_collection": false, "budget": 15000000, "genres": ["Drama"], "id": 4995, "release_date": "1997-10-07", "revenue": 43101594, "runtime": 156, "title": "Boogie Nights"}, {"belongs_to_collection": false, "budget": 30000000, "genres": ["Drama"], "id": 10637, "release_date": "2000-09-29", "revenue": 136706683, "runtime": 113, "title": "Remember the Titans"}, {"belongs_to_collection": false, "budget": 35000000, "genres": ["Comedy", "Drama"], "release_date": "2008-02-08", "revenue": 43650785, "runtime": 114, "title": "Welcome Home Roscoe Jenkins", "actors/actresses": ["Mo'Nique"], "id": 13490}, {"belongs_to_collection": false, "budget": 0, "genres": ["Comedy", "Drama", "Romance"], "id": 29371, "release_date": "1995-06-16", "revenue": 0, "runtime": 94, "title": "The Incredibly True Adventure of Two Girls in Love"}, {"belongs_to_collection": false, "budget": 6000000, "genres": ["Comedy", "Drama", "Romance"], "id": 15256, "release_date": "1999-02-26", "revenue": 6852450, "runtime": 101, "title": "200 Cigarettes"}, {"belongs_to_collection": false, "budget": 5000000, "genres": ["Drama", "Thriller"], "id": 46625, "release_date": "1997-05-11", "revenue": 0, "runtime": 122, "title": "The End of Violence"}, {"belongs_to_collection": false, "budget": 0, "genres": ["Drama", "Comedy"], "id": 67323, "release_date": "1998-09-11", "revenue": 0, "runtime": 99, "title": "The Adventures of Sebastian Cole"}, {"belongs_to_collection": false, "budget": 0, "genres": ["Drama"], "id": 54933, "release_date": "1999-09-13", "revenue": 0, "runtime": 125, "title": "A Map of the World"}, {"belongs_to_collection": false, "budget": 0, "genres": ["TV Movie", "Comedy", "Drama"], "id": 209802, "release_date": "1997-07-24", "revenue": 0, "runtime": 80, "title": "Subway Stories: Tales from the Underground"}, {"belongs_to_collection": false, "budget": 0, "genres": ["TV Movie", "Crime", "Drama"], "id": 87901, "release_date": "1998-11-08", "revenue": 0, "runtime": 120, "title": "Exiled"}, {"belongs_to_collection": false, "budget": 0, "genres": ["Romance", "Drama", "Comedy"], "id": 28628, "release_date": "1995-10-01", "revenue": 0, "runtime": 99, "title": "Stonewall"}, {"belongs_to_collection": false, "budget": 0, "genres": ["TV Movie", "Comedy", "Drama"], "id": 297172, "release_date": "2017-06-18", "revenue": 0, "runtime": 83, "title": "Downsized"}, {"belongs_to_collection": false, "budget": 0, "genres": ["Drama"], "release_date": "2009-06-26", "revenue": 0, "runtime": 0, "title": "Pastor Brown", "actors/actresses": ["Tasha Smith"], "id": 62576}, {"belongs_to_collection": false, "budget": 0, "genres": ["Drama", "Music"], "id": 85456, "release_date": "1999-03-05", "revenue": 0, "runtime": 0, "title": "Harlem Aria"}, {"belongs_to_collection": false, "budget": 0, "genres": ["Action", "Drama", "Thriller"], "id": 30945, "release_date": "1999-03-22", "revenue": 0, "runtime": 90, "title": "Mind Prey"}, {"belongs_to_collection": false, "budget": 0, "genres": ["Drama", "Thriller"], "id": 118063, "release_date": "1998-01-16", "revenue": 0, "runtime": 103, "title": "Spark"}, {"belongs_to_collection": false, "budget": 850000, "genres": ["Drama"], "release_date": "2001-02-03", "revenue": 0, "runtime": 107, "title": "Dancing in September", "actors/actresses": ["Malinda Williams"], "id": 259389}, {"belongs_to_collection": false, "budget": 0, "genres": ["TV Movie", "Drama", "Thriller"], "id": 395791, "release_date": "2013-01-01", "revenue": 0, "runtime": 60, "title": "Secret Lives of Husbands and Wives"}]}, "Toks Olagundoye": {"ids": "1256258", "results": [{"belongs_to_collection": false, "budget": 0, "genres": ["Animation", "Adventure", "Comedy", "Family", "Fantasy", "Music", "Action", "Drama"], "id": 537061, "release_date": "2019-09-02", "revenue": 0, "runtime": 82, "title": "Steven Universe: The Movie"}, {"belongs_to_collection": true, "budget": 0, "genres": ["Animation", "Action", "Drama", "Science Fiction"], "id": 487670, "release_date": "2018-07-24", "revenue": 0, "runtime": 81, "title": "The Death of Superman"}, {"belongs_to_collection": false, "budget": 0, "genres": ["Fantasy", "Drama", "Comedy"], "id": 423949, "release_date": "2017-09-11", "revenue": 0, "runtime": 92, "title": "Unicorn Store"}, {"belongs_to_collection": false, "budget": 0, "genres": ["Comedy", "Romance", "Drama"], "id": 477510, "release_date": "2018-08-10", "revenue": 0, "runtime": 112, "title": "Dog Days"}]}, "Opal Alladin": {"ids": "59686", "results": [{"belongs_to_collection": false, "budget": 15000000, "genres": ["Drama", "History", "Crime", "Thriller", "Action"], "id": 9829, "release_date": "2006-04-28", "revenue": 76286096, "runtime": 111, "title": "United 93"}, {"belongs_to_collection": false, "budget": 0, "genres": ["Crime", "Drama", "Mystery", "Thriller"], "id": 317091, "release_date": "2017-12-08", "revenue": 0, "runtime": 86, "title": "November Criminals"}, {"belongs_to_collection": false, "budget": 0, "genres": ["Romance", "Drama"], "id": 364756, "release_date": "2005-06-17", "revenue": 0, "runtime": 90, "title": "Jellysmoke"}]}}